% Encoding: UTF-8

@Article{berardini15,
  author =  {Berardini, Tanya Z. and Reiser, Leonore and Li, Donghui and Mezheritsky, Yarik and Muller, Robert and Strait, Emily and Huala, Eva},
  title =   {The arabidopsis information resource: Making and mining the “gold standard” annotated reference plant genome},
  journal = {Genesis},
  year =    {2015},
  volume =  {53},
  number =  {8},
  pages =   {474-485},
  doi =     {10.1002/dvg.22877},
  issn =    {1526954X},
  type =    {Journal Article}
}

@article{book09,
   author = {Book, A. J. and Smalle, J. and Lee, K. H. and Yang, P. and Walker, J. M. and Casper, S. and Holmes, J. H. and Russo, L. A. and Buzzinotti, Z. W. and Jenik, P. D. and Vierstra, R. D.},
   title = {The RPN5 subunit of the 26S proteasome is essential for gametogenesis, sporophyte development, and complex assembly in Arabidopsis},
   journal = {Plant Cell},
   volume = {21},
   number = {2},
   pages = {460-78},
   keywords = {Amino Acid Sequence
Arabidopsis/anatomy & histology/genetics/*growth & development
Arabidopsis Proteins/chemistry/genetics/*physiology
Carrier Proteins/chemistry/*genetics/physiology
Embryonic Development/genetics
Molecular Sequence Data
Phenotype
Pollen/genetics/growth & development
Proteasome Endopeptidase Complex/*physiology
Protein Subunits/chemistry/genetics/*physiology
Seeds/anatomy & histology/genetics/growth & development
Sequence Alignment},
   ISSN = {1040-4651 (Print)
1040-4651 (Linking)},
   DOI = {10.1105/tpc.108.064444},
   url = {http://www.ncbi.nlm.nih.gov/pubmed/19252082},
   year = {2009},
   type = {Journal Article}
}

@Article{book10,
  author =   {Book, A. J. and Gladman, N. P. and Lee, S. S. and Scalf, M. and Smith, L. M. and Vierstra, R. D.},
  title =    {Affinity purification of the Arabidopsis 26S proteasome reveals a diverse array of plant proteolytic complexes},
  journal =  {J. Biol. Chem.},
  year =     {2010},
  volume =   {285},
  number =   {33},
  pages =    {25554-25569},
  doi =      {DOI 10.1074/jbc.M110.136622},
  issn =     {0021-9258},
  keywords = {regulatory particle subunits mass-spectrometric analysis 20s proteasome ubiquitylated proteins cop9 signalosome yeast proteasome core particle identification proteomics binding},
  type =     {Journal Article},
  url =      {<Go to ISI>://WOS:000280682400050}
}

@Article{burri00,
  author =   {Burri, L. and Hockendorff, J. and Boehm, U. and Klamp, T. and Dohmen, R. J. and Levy, F.},
  title =    {Identification and characterization of a mammalian protein interacting with 20S proteasome precursors},
  journal =  {Proc. Natl. Acad. Sci. U.S.A.},
  year =     {2000},
  volume =   {97},
  number =   {19},
  pages =    {10348-53},
  doi =      {10.1073/pnas.190268597},
  issn =     {0027-8424 (Print) 0027-8424 (Linking)},
  keywords = {Amino Acid Sequence Animals Blotting, Northern Cloning, Molecular Cysteine Endopeptidases/*metabolism Humans Mice Mice, Inbred C57BL Molecular Chaperones/chemistry/genetics/*metabolism Molecular Sequence Data Multienzyme Complexes/*metabolism Proteasome Endopeptidase Complex Protein Binding RNA, Messenger/genetics Saccharomyces cerevisiae/genetics Sequence Homology, Amino Acid},
  type =     {Journal Article},
  url =      {http://www.ncbi.nlm.nih.gov/pubmed/10973495}
}

@Article{eamens14,
  author =   {Eamens, A. L. and McHale, M. and Waterhouse, P. M.},
  title =    {The use of artificial microRNA technology to control gene expression in Arabidopsis thaliana},
  journal =  {Methods Mol. Biol.},
  year =     {2014},
  volume =   {1062},
  pages =    {211-24},
  doi =      {10.1007/978-1-62703-580-4_11},
  issn =     {1940-6029 (Electronic) 1064-3745 (Linking)},
  keywords = {Agrobacterium tumefaciens/genetics Arabidopsis/*genetics/metabolism Base Sequence Cloning, Molecular Gene Expression Regulation, Plant Genetic Vectors MicroRNAs/*genetics Molecular Sequence Data Plasmids/genetics *RNA Interference},
  type =     {Journal Article},
  url =      {http://www.ncbi.nlm.nih.gov/pubmed/24057368}
}

@article{estrin13,
   author = {Estrin, Eric and Lopez-Blanco, José Ramón and Chacón, Pablo and Martin, Andreas},
   title = {Formation of an Intricate Helical Bundle Dictates the Assembly of the 26S Proteasome Lid},
   journal = {Structure},
   volume = {21},
   number = {9},
   pages = {1624-1635},
   ISSN = {09692126},
   DOI = {10.1016/j.str.2013.06.023},
   year = {2013},
   type = {Journal Article}
}

@article{gemperline16,
   author = {Gemperline, D. C. and Scalf, M. and Smith, L. M. and Vierstra, R. D.},
   title = {Morpheus Spectral Counter: A computational tool for label-free quantitative mass spectrometry using the Morpheus search engine},
   journal = {Proteomics},
   volume = {16},
   number = {6},
   pages = {920-4},
   ISSN = {1615-9861 (Electronic)
1615-9853 (Linking)},
   DOI = {10.1002/pmic.201500420},
   url = {http://www.ncbi.nlm.nih.gov/pubmed/26791624},
   year = {2016},
   type = {Journal Article}
}

@article{gladman16,
   author = {Gladman, N. P. and Marshall, R. S. and Lee, K. H. and Vierstra, R. D.},
   title = {The Proteasome Stress Regulon Is Controlled by a Pair of NAC Transcription Factors in Arabidopsis},
   journal = {Plant Cell},
   volume = {28},
   number = {6},
   pages = {1279-96},
   ISSN = {1532-298X (Electronic)
1040-4651 (Linking)},
   DOI = {10.1105/tpc.15.01022},
   url = {http://www.ncbi.nlm.nih.gov/pubmed/27194708},
   year = {2016},
   type = {Journal Article}
}

@article{husnjak08,
   author = {Husnjak, K. and Elsasser, S. and Zhang, N. and Chen, X. and Randles, L. and Shi, Y. and Hofmann, K. and Walters, K. J. and Finley, D. and Dikic, I.},
   title = {Proteasome subunit Rpn13 is a novel ubiquitin receptor},
   journal = {Nature},
   volume = {453},
   number = {7194},
   pages = {481-488},
   keywords = {deubiquitinating enzyme
26s proteasome
polyubiquitin chains
protein interactome
uba domains
degradation
proteolysis
rad23
binds
uch37},
   ISSN = {0028-0836},
   DOI = {Doi 10.1038/Nature06926},
   url = {<Go to ISI>://WOS:000256023700034},
   year = {2008},
   type = {Journal Article}
}

@article{jiao14,
   author = {Jiao, L. and Ouyang, S. and Shaw, N. and Song, G. and Feng, Y. and Niu, F. and Qiu, W. and Zhu, H. and Hung, L. W. and Zuo, X. and Eleonora Shtykova, V. and Zhu, P. and Dong, Y. H. and Xu, R. and Liu, Z. J.},
   title = {Mechanism of the Rpn13-induced activation of Uch37},
   journal = {Protein Cell},
   volume = {5},
   number = {8},
   pages = {616-30},
   keywords = {Binding Sites
Catalytic Domain
Chromatography, Gel
Crystallography, X-Ray
Humans
Membrane Glycoproteins/chemistry/genetics/*metabolism
Nuclear Magnetic Resonance, Biomolecular
Protein Binding
Protein Conformation
Protein Multimerization
Scattering, Small Angle
Ubiquitin Thiolesterase/chemistry/genetics/*metabolism
Ultracentrifugation},
   ISSN = {1674-8018 (Electronic)
1674-800X (Linking)},
   DOI = {10.1007/s13238-014-0046-z},
   url = {http://www.ncbi.nlm.nih.gov/pubmed/24752541},
   year = {2014},
   type = {Journal Article}
}

@Article{kusmierczyk08,
  author =   {Kusmierczyk, A. R. and Kunjappu, M. J. and Funakoshi, M. and Hochstrasser, M.},
  title =    {A multimeric assembly factor controls the formation of alternative 20S proteasomes},
  journal =  {Nat. Struct. Mol. Biol.},
  year =     {2008},
  volume =   {15},
  number =   {3},
  pages =    {237-244},
  doi =      {DOI 10.1038/nsmb.1389},
  issn =     {1545-9985},
  keywords = {yeast saccharomyces-cerevisiae active-site formation protein-degradation 26s proteasome core particle identification completion biogenesis chaperones complexes},
  type =     {Journal Article},
  url =      {<Go to ISI>://WOS:000253815400007}
}

@Article{kusmierczyk11,
  author =   {Kusmierczyk, A. R. and Kunjappu, M. J. and Kim, R. Y. and Hochstrasser, M.},
  title =    {A conserved 20S proteasome assembly factor requires a C-terminal HbYX motif for proteasomal precursor binding},
  journal =  {Nat. Struct. Mol. Biol.},
  year =     {2011},
  volume =   {18},
  number =   {5},
  pages =    {622-9},
  doi =      {10.1038/nsmb.2027},
  issn =     {1545-9985 (Electronic) 1545-9985 (Linking)},
  keywords = {Amino Acid Motifs Binding Sites Conserved Sequence Proteasome Endopeptidase Complex/metabolism Saccharomyces cerevisiae Saccharomyces cerevisiae Proteins/*chemistry/metabolism Sequence Analysis, Protein Structure-Activity Relationship},
  type =     {Journal Article},
  url =      {http://www.ncbi.nlm.nih.gov/pubmed/21499243}
}

@Article{le07,
  author =   {Le Tallec, B. and Barrault, M. B. and Courbeyrette, R. and Guérois, R. and Marsolier-Kergoat, M. C. and Peyroche, A.},
  title =    {20S proteasome assembly is orchestrated by two distinct pairs of chaperones in yeast and mammals},
  journal =  {Mol. Cell},
  year =     {2007},
  volume =   {27},
  number =   {4},
  pages =    {660-674},
  doi =      {DOI 10.1016/j.molcel.2007.06.025},
  issn =     {1097-2765},
  keywords = {active-site formation DNA-damage response saccharomyces-cerevisiae precursor complexes 26s proteasome beta-subunits s proteasome maturation biogenesis checkpoint},
  type =     {Journal Article},
  url =      {<Go to ISI>://WOS:000249050200016}
}

@Article{lee15,
  author =   {Lee, W. and Kim, Y. and Park, J. and Shim, S. and Lee, J. and Hong, S. H. and Ahn, H. H. and Lee, H. and Jung, Y. K.},
  title =    {iRhom1 regulates proteasome activity via PAC1/2 under ER stress},
  journal =  {Sci. Rep.},
  year =     {2015},
  volume =   {5},
  pages =    {11559},
  doi =      {10.1038/srep11559},
  issn =     {2045-2322 (Electronic) 2045-2322 (Linking)},
  keywords = {Animals Cell Line, Tumor Dimerization Drosophila Proteins/genetics/metabolism Drosophila melanogaster/metabolism Dual Specificity Phosphatase 2/metabolism Endoplasmic Reticulum/metabolism *Endoplasmic Reticulum Stress/drug effects HEK293 Cells Humans Molecular Chaperones/chemistry/*metabolism Nerve Tissue Proteins/metabolism Proteasome Endopeptidase Complex/*metabolism Protein Stability RNA Interference RNA, Small Interfering/metabolism Receptor, Epidermal Growth Factor/antagonists & inhibitors/genetics/*metabolism Thapsigargin/pharmacology Tunicamycin/pharmacology Ubiquitination/drug effects Up-Regulation/drug effects},
  type =     {Journal Article},
  url =      {http://www.ncbi.nlm.nih.gov/pubmed/26109405}
}

@Article{leggett02,
  author =  {Leggett, David S. and Hanna, John and Borodovsky, Anna and Crosas, Bernat and Schmidt, Marion and Baker, Rohan T. and Walz, Thomas and Ploegh, Hidde and Finley, Daniel},
  title =   {Multiple Associated Proteins Regulate Proteasome Structure and Function},
  journal = {Mol. Cell},
  year =    {2002},
  volume =  {10},
  number =  {3},
  pages =   {495-507},
  doi =     {10.1016/s1097-2765(02)00638-x},
  issn =    {10972765},
  type =    {Journal Article}
}

@Article{leggett05,
  author =   {Leggett, D. S. and Glickman, M. H. and Finley, D.},
  title =    {Purification of proteasomes, proteasome subcomplexes, and proteasome-associated proteins from budding yeast},
  journal =  {Methods Mol. Biol.},
  year =     {2005},
  volume =   {301},
  pages =    {57-70},
  doi =      {10.1385/1-59259-895-1:057},
  issn =     {1064-3745 (Print) 1064-3745 (Linking)},
  keywords = {Chromatography, Affinity/methods Proteasome Endopeptidase Complex/*chemistry/*isolation & purification Saccharomyces cerevisiae/*enzymology},
  type =     {Journal Article},
  url =      {http://www.ncbi.nlm.nih.gov/pubmed/15917626}
}

@Article{li07,
  author =   {Li, X. and Kusmierczyk, A. R. and Wong, P. and Emili, A. and Hochstrasser, M.},
  title =    {beta-Subunit appendages promote 20S proteasome assembly by overcoming an Ump1-dependent checkpoint},
  journal =  {EMBO J.},
  year =     {2007},
  volume =   {26},
  number =   {9},
  pages =    {2339-49},
  doi =      {10.1038/sj.emboj.7601681},
  issn =     {0261-4189 (Print) 0261-4189 (Linking)},
  keywords = {Cysteine Endopeptidases/biosynthesis Dimerization Humans Models, Molecular Molecular Chaperones/genetics/*metabolism Mutation Proteasome Endopeptidase Complex/*biosynthesis Protein Precursors/*biosynthesis Protein Structure, Tertiary Protein Subunits/biosynthesis Saccharomyces cerevisiae/*physiology Saccharomyces cerevisiae Proteins/*biosynthesis},
  type =     {Journal Article},
  url =      {http://www.ncbi.nlm.nih.gov/pubmed/17431397}
}

@Article{louwerse07,
  author =  {Louwerse, J. D. and van Lier, M. C. M. and van der Steen, D. M. and de Vlaam, C. M. T. and Hooykaas, P. J. J. and Vergunst, A. C.},
  title =   {Stable Recombinase-Mediated Cassette Exchange in Arabidopsis Using Agrobacterium tumefaciens},
  journal = {Plant Physiol.},
  year =    {2007},
  volume =  {145},
  number =  {4},
  pages =   {1282-1293},
  doi =     {10.1104/pp.107.108092},
  issn =    {0032-0889 1532-2548},
  type =    {Journal Article}
}

@article{maclean10,
   author = {MacLean, B. and Tomazela, D. M. and Shulman, N. and Chambers, M. and Finney, G. L. and Frewen, B. and Kern, R. and Tabb, D. L. and Liebler, D. C. and MacCoss, M. J.},
   title = {Skyline: an open source document editor for creating and analyzing targeted proteomics experiments},
   journal = {Bioinformatics},
   volume = {26},
   number = {7},
   pages = {966-968},
   ISSN = {1367-4803
1460-2059},
   DOI = {10.1093/bioinformatics/btq054},
   year = {2010},
   type = {Journal Article}
}

@Article{marshall15,
  author =   {Marshall, R. S. and Li, F. and Gemperline, D. C. and Book, A. J. and Vierstra, R. D.},
  title =    {Autophagic Degradation of the 26S Proteasome Is Mediated by the Dual ATG8/Ubiquitin Receptor RPN10 in Arabidopsis},
  journal =  {Mol. Cell},
  year =     {2015},
  volume =   {58},
  number =   {6},
  pages =    {1053-66},
  doi =      {10.1016/j.molcel.2015.04.023},
  issn =     {1097-4164 (Electronic) 1097-2765 (Linking)},
  keywords = {Amino Acid Sequence Arabidopsis/genetics/*metabolism Arabidopsis Proteins/genetics/*metabolism *Autophagy Cysteine Proteinase Inhibitors/pharmacology Green Fluorescent Proteins/genetics/metabolism Immunoblotting Leupeptins/pharmacology Microscopy, Confocal Microtubule-Associated Proteins/genetics/*metabolism Models, Biological Molecular Sequence Data Mutation Plants, Genetically Modified Proteasome Endopeptidase Complex/genetics/*metabolism Protein Binding/drug effects Sequence Homology, Amino Acid Two-Hybrid System Techniques Ubiquitination/drug effects},
  type =     {Journal Article},
  url =      {http://www.ncbi.nlm.nih.gov/pubmed/26004230}
}

@article{russell13,
   author = {Russell, J. D. and Scalf, M. and Book, A. J. and Ladror, D. T. and Vierstra, R. D. and Smith, L. M. and Coon, J. J.},
   title = {Characterization and quantification of intact 26S proteasome proteins by real-time measurement of intrinsic fluorescence prior to top-down mass spectrometry},
   journal = {PLoS One},
   volume = {8},
   number = {3},
   pages = {e58157},
   keywords = {Amino Acid Sequence
Arabidopsis/chemistry
Arabidopsis Proteins/analysis/chemistry
Carrier Proteins/analysis/chemistry
Fluorescence
*Mass Spectrometry/methods
Proteasome Endopeptidase Complex/analysis/*chemistry
Proteins/analysis/*chemistry
Reproducibility of Results
Tandem Mass Spectrometry},
   ISSN = {1932-6203 (Electronic)
1932-6203 (Linking)},
   DOI = {10.1371/journal.pone.0058157},
   url = {http://www.ncbi.nlm.nih.gov/pubmed/23536786},
   year = {2013},
   type = {Journal Article}
}

@Article{sakata12,
  author =   {Sakata, E. and Bohn, S. and Mihalache, O. and Kiss, P. and Beck, F. and Nagy, I. and Nickell, S. and Tanaka, K. and Saeki, Y. and Forster, F. and Baumeister, W.},
  title =    {Localization of the proteasomal ubiquitin receptors Rpn10 and Rpn13 by electron cryomicroscopy},
  journal =  {Proc. Natl. Acad. Sci. U.S.A.},
  year =     {2012},
  volume =   {109},
  number =   {5},
  pages =    {1479-84},
  doi =      {10.1073/pnas.1119394109},
  issn =     {1091-6490 (Electronic) 0027-8424 (Linking)},
  keywords = {Animals Cryoelectron Microscopy/*methods Drosophila melanogaster Mass Spectrometry Models, Molecular Proteasome Endopeptidase Complex/*metabolism Saccharomyces cerevisiae/*metabolism Saccharomyces cerevisiae Proteins/*metabolism},
  type =     {Journal Article},
  url =      {http://www.ncbi.nlm.nih.gov/pubmed/22215586}
}

@Article{scheich07,
  author =   {Scheich, C. and Kummel, D. and Soumailakakis, D. and Heinemann, U. and Bussow, K.},
  title =    {Vectors for co-expression of an unrestricted number of proteins},
  journal =  {Nucleic Acids Res.},
  year =     {2007},
  volume =   {35},
  number =   {6},
  pages =    {e43},
  doi =      {10.1093/nar/gkm067},
  issn =     {1362-4962 (Electronic) 0305-1048 (Linking)},
  keywords = {Adenosine Triphosphatases/genetics/metabolism Cell Cycle Proteins/genetics/metabolism Cloning, Molecular/*methods Escherichia coli/genetics Gene Expression Genetic Vectors/*chemistry Humans Membrane Proteins/genetics/isolation & purification/metabolism Protein Subunits/genetics/isolation & purification/metabolism Receptors, Autocrine Motility Factor Receptors, Cytokine/genetics/metabolism Recombinant Fusion Proteins/biosynthesis/genetics Recombinant Proteins/*biosynthesis/genetics Ubiquitin-Protein Ligases/genetics/metabolism Vesicular Transport Proteins/genetics/isolation & purification/metabolism},
  type =     {Journal Article},
  url =      {http://www.ncbi.nlm.nih.gov/pubmed/17311810}
}

@Article{shibahara04,
  author =   {Shibahara, T. and Kawasaki, H. and Hirano, H.},
  title =    {Mass spectrometric analysis of expression of ATPase subunits encoded by duplicated genes in the 19S regulatory particle of rice 26S proteasome},
  journal =  {Arch. Biochem. Biophys.},
  year =     {2004},
  volume =   {421},
  number =   {1},
  pages =    {34-41},
  issn =     {0003-9861 (Print) 0003-9861 (Linking)},
  keywords = {Adenosine Triphosphatases/*biosynthesis/chemistry/*genetics Amino Acid Sequence Endopeptidases/*biosynthesis/chemistry/*genetics Gene Components/genetics Gene Duplication Genes/genetics Isoenzymes/biosynthesis/chemistry/genetics Molecular Sequence Data Oryza/*enzymology/*genetics Proteasome Endopeptidase Complex Protein Subunits Spectrometry, Mass, Electrospray Ionization/methods},
  type =     {Journal Article},
  url =      {http://www.ncbi.nlm.nih.gov/pubmed/14678782}
}

@Article{wenger13,
  author =   {Wenger, C. D. and Coon, J. J.},
  title =    {A proteomics search algorithm specifically designed for high-resolution tandem mass spectra},
  journal =  {J. Proteome Res.},
  year =     {2013},
  volume =   {12},
  number =   {3},
  pages =    {1377-86},
  doi =      {10.1021/pr301024c},
  issn =     {1535-3907 (Electronic) 1535-3893 (Linking)},
  keywords = {*Algorithms Chromatography, Liquid Escherichia coli Proteins/isolation & purification/metabolism Humans *Proteomics Saccharomyces cerevisiae Proteins/isolation & purification/metabolism Tandem Mass Spectrometry/*methods},
  type =     {Journal Article},
  url =      {http://www.ncbi.nlm.nih.gov/pubmed/23323968}
}

@Article{zhang10,
  author =  {Zhang, Ying and Wen, Zhihui and Washburn, Michael P. and Florens, Laurence},
  title =   {Refinements to Label Free Proteome Quantitation: How to Deal with Peptides Shared by Multiple Proteins},
  journal = {Anal. Chem.},
  year =    {2010},
  volume =  {82},
  number =  {6},
  pages =   {2272-2281},
  doi =     {10.1021/ac9023999},
  issn =    {0003-2700 1520-6882},
  type =    {Journal Article}
}

