% Encoding: UTF-8

@Article{aki94,
  author =   {Aki, M. and Shimbara, N. and Takashina, M. and Akiyama, K. and Kagawa, S. and Tamura, T. and Tanahashi, N. and Yoshimura, T. and Tanaka, K. and Ichihara, A.},
  title =    {Interferon-gamma induces different subunit organizations and functional diversity of proteasomes},
  journal =  {J. Biochem.},
  year =     {1994},
  volume =   {115},
  number =   {2},
  pages =    {257-69},
  issn =     {0021-924X (Print) 0021-924X (Linking)},
  keywords = {Adenosine Triphosphate/pharmacology Amino Acid Sequence Colonic Neoplasms Cysteine Endopeptidases/chemistry/*metabolism Flow Cytometry Histocompatibility Antigens Class I/biosynthesis/genetics Humans Hydrolysis Interferon-gamma/*pharmacology Leukemia, Myeloid Major Histocompatibility Complex/drug effects Molecular Sequence Data Multienzyme Complexes/chemistry/*metabolism Nucleic Acid Hybridization Proteasome Endopeptidase Complex Proteins/chemistry/metabolism RNA, Messenger/genetics/metabolism Recombinant Proteins Tumor Cells, Cultured Ubiquitins/pharmacology},
  type =     {Journal Article},
  url =      {http://www.ncbi.nlm.nih.gov/pubmed/8206875}
}

@Article{angot06,
  author =   {Angot, A. and Peeters, N. and Lechner, E. and Vailleau, F. and Baud, C. and Gentzbittel, L. and Sartorel, E. and Genschik, P. and Boucher, C. and Genin, S.},
  title =    {Ralstonia solanacearum requires F-box-like domain-containing type III effectors to promote disease on several host plants},
  journal =  {Proc. Natl. Acad. Sci. U.S.A.},
  year =     {2006},
  volume =   {103},
  number =   {39},
  pages =    {14620-5},
  doi =      {10.1073/pnas.0509393103},
  issn =     {0027-8424 (Print) 0027-8424 (Linking)},
  keywords = {Amino Acid Sequence Arabidopsis/*microbiology Arabidopsis Proteins/metabolism Bacterial Proteins/chemistry/genetics/*metabolism F-Box Proteins/chemistry/genetics/*metabolism Genes, Bacterial/genetics Lycopersicon esculentum/*microbiology Medicago truncatula/*microbiology Molecular Sequence Data Plant Diseases/*microbiology Protein Binding Protein Structure, Tertiary Ralstonia solanacearum/genetics/metabolism/*pathogenicity SKP Cullin F-Box Protein Ligases/metabolism Virulence},
  type =     {Journal Article},
  url =      {http://www.ncbi.nlm.nih.gov/pubmed/16983093}
}

@Article{arendt97,
  author =   {Arendt, C. S. and Hochstrasser, M.},
  title =    {Identification of the yeast 20S proteasome catalytic centers and subunit interactions required for active site formation},
  journal =  {Proc. Natl. Acad. Sci. U.S.A.},
  year =     {1997},
  volume =   {94},
  number =   {14},
  pages =    {7156-7161},
  doi =      {DOI 10.1073/pnas.94.14.7156},
  issn =     {0027-8424},
  keywords = {multicatalytic proteinase complex saccharomyces-cerevisiae shuttle vectors in-vivo proteolysis degradation acidophilum activation binding genes},
  type =     {Journal Article},
  url =      {<Go to ISI>://WOS:A1997XJ87600008}
}

@article{arendt99,
   author = {Arendt, C. S.},
   title = {Eukaryotic 20S proteasome catalytic subunit propeptides prevent active site inactivation by N-terminal acetylation and promote particle assembly},
   journal = {The EMBO Journal},
   volume = {18},
   number = {13},
   pages = {3575-3585},
   ISSN = {14602075},
   DOI = {10.1093/emboj/18.13.3575},
   year = {1999},
   type = {Journal Article}
}

@Article{armon90,
  author =  {Armon, T. and Ganoth, D. and Hershko, A.},
  title =   {Assembly of the 26S complex that degrades proteins ligated to ubiquitin is accompanied by the formation of ATPase activity},
  journal = {J. Biol. Chem.},
  year =    {1990},
  volume =  {265},
  number =  {34},
  pages =   {20723-20726},
  issn =    {0021-9258},
  type =    {Journal Article},
  url =     {<Go to ISI>://WOS:A1990EL02000003}
}

@article{arrigo88,
   author = {Arrigo, A. P. and Tanaka, K. and Goldberg, A. L. and Welch, W. J.},
   title = {Identity of the 19S prosome particle with the large multi-functional protease complex of mammalian cells (the proteasome)},
   journal = {Nature},
   volume = {331},
   number = {6152},
   pages = {192-194},
   ISSN = {0028-0836},
   DOI = {Doi 10.1038/331192a0},
   url = {<Go to ISI>://WOS:A1988L668800078},
   year = {1988},
   type = {Journal Article}
}

@Article{barrault12,
  author =   {Barrault, M. B. and Richet, N. and Godard, C. and Murciano, B. and Le Tallec, B. and Rousseau, E. and Legrand, P. and Charbonnier, J. B. and Le Du, M. H. and Guerois, R. and Ochsenbein, F. and Peyroche, A.},
  title =    {Dual functions of the Hsm3 protein in chaperoning and scaffolding regulatory particle subunits during the proteasome assembly},
  journal =  {Proc. Natl. Acad. Sci. U.S.A.},
  year =     {2012},
  volume =   {109},
  number =   {17},
  pages =    {E1001-10},
  doi =      {10.1073/pnas.1116538109},
  issn =     {1091-6490 (Electronic) 0027-8424 (Linking)},
  keywords = {Adenosine Triphosphatases/metabolism Binding Sites Models, Molecular Molecular Chaperones/chemistry/*metabolism Proteasome Endopeptidase Complex/*metabolism Protein Conformation Proteolysis Saccharomyces cerevisiae/metabolism Saccharomyces cerevisiae Proteins/chemistry/*metabolism},
  type =     {Journal Article},
  url =      {http://www.ncbi.nlm.nih.gov/pubmed/22460800}
}

@article{barthelme12,
   author = {Barthelme, D. and Sauer, R. T.},
   title = {Identification of the Cdc48-20S proteasome as an ancient AAA proteolytic machine},
   journal = {Science},
   volume = {337},
   number = {6096},
   pages = {843-846},
   keywords = {regulatory particle
n-domain
atpase
degradation
p97/vcp
p97},
   ISSN = {0036-8075},
   DOI = {DOI 10.1126/science.1224352},
   url = {<Go to ISI>://WOS:000307535600043},
   year = {2012},
   type = {Journal Article}
}

@Article{baumeister88,
  author =  {Baumeister, W. and Dahlmann, B. and Hegerl, R. and Kopp, F. and Kühn, L. and Pfeifer, G.},
  title =   {Electron microscopy and image analysis of the multi-catalytic proteinase},
  journal = {FEBS Lett.},
  year =    {1988},
  volume =  {241},
  number =  {1-2},
  pages =   {239-245},
  doi =     {Doi 10.1016/0014-5793(88)81069-X},
  issn =    {0014-5793},
  type =    {Journal Article},
  url =     {<Go to ISI>://WOS:A1988R372700052}
}

@Article{beck12,
  author =   {Beck, F. and Unverdorben, P. and Bohn, S. and Schweitzer, A. and Pfeifer, G. and Sakata, E. and Nickell, S. and Plitzko, J. M. and Villa, E. and Baumeister, W. and Förster, F.},
  title =    {Near-atomic resolution structural model of the yeast 26S proteasome},
  journal =  {Proc. Natl. Acad. Sci. U.S.A.},
  year =     {2012},
  volume =   {109},
  number =   {37},
  pages =    {14870-14875},
  doi =      {DOI 10.1073/pnas.1213333109},
  issn =     {0027-8424},
  keywords = {protein degradation electron microscopy deubiquitylating enzyme regulatory particle electron-microscopy molecular architecture polyubiquitin chains crystal-structure 20s proteasome degradation domain rpn11 core},
  type =     {Journal Article},
  url =      {<Go to ISI>://WOS:000309208000039}
}

@Article{berndsen14,
  author =   {Berndsen, C. E. and Wolberger, C.},
  title =    {New insights into ubiquitin E3 ligase mechanisms},
  journal =  {Nat. Struct. Mol. Biol.},
  year =     {2014},
  volume =   {21},
  number =   {4},
  pages =    {301-307},
  doi =      {Doi 10.1038/Nsmb.2780},
  issn =     {1545-9993},
  keywords = {conjugating enzyme e2 linear polyubiquitin chains ring-ring complex structural basis allosteric activation crystal-structure domain proteins reveals parkin},
  type =     {Journal Article},
  url =      {<Go to ISI>://WOS:000334349000005}
}

@Article{besche14,
  author =   {Besche, H. C. and Sha, Z. and Kukushkin, N. V. and Peth, A. and Hock, E. M. and Kim, W. and Gygi, S. P. and Gutierrez, J. A. and Liao, H. and Dick, L. R. and Goldberg, A. L.},
  title =    {Auto-ubiquitination of the 26S proteasome on Rpn13 regulates breakdown of ubiquitin conjugates},
  journal =  {EMBO J.},
  year =     {2014},
  volume =   {33},
  number =   {10},
  pages =    {1159-1176},
  doi =      {DOI 10.1002/embj.201386906},
  issn =     {0261-4189},
  keywords = {26s proteasomes proteasome inhibitors proteasome regulation ube3c/hul5 ubiquitination interacting proteins s proteasome affinity purification mass-spectrometry research tools degradation complexes substrate polyubiquitin atpases},
  type =     {Journal Article},
  url =      {<Go to ISI>://WOS:000336495900008}
}

@Article{bhattacharyya14,
  author =   {Bhattacharyya, S. and Yu, H. and Mim, C. and Matouschek, A.},
  title =    {Regulated protein turnover: snapshots of the proteasome in action},
  journal =  {Nat. Rev. Mol. Cell Biol.},
  year =     {2014},
  volume =   {15},
  number =   {2},
  pages =    {122-133},
  doi =      {Doi 10.1038/Nrm3741},
  issn =     {1471-0072},
  keywords = {26 s proteasome nf-kappa-b atp-dependent proteolysis DNA packaging motor 20s proteasome structural basis ubiquitin receptors core particle methanocaldococcus-jannaschii saccharomyces-cerevisiae},
  type =     {Journal Article},
  url =      {<Go to ISI>://WOS:000330190100011}
}

@article{book09,
   author = {Book, A. J. and Smalle, J. and Lee, K. H. and Yang, P. and Walker, J. M. and Casper, S. and Holmes, J. H. and Russo, L. A. and Buzzinotti, Z. W. and Jenik, P. D. and Vierstra, R. D.},
   title = {The RPN5 subunit of the 26S proteasome is essential for gametogenesis, sporophyte development, and complex assembly in Arabidopsis},
   journal = {Plant Cell},
   volume = {21},
   number = {2},
   pages = {460-78},
   keywords = {Amino Acid Sequence
Arabidopsis/anatomy \& histology/genetics/*growth \& development
Arabidopsis Proteins/chemistry/genetics/*physiology
Carrier Proteins/chemistry/*genetics/physiology
Embryonic Development/genetics
Molecular Sequence Data
Phenotype
Pollen/genetics/growth \& development
Proteasome Endopeptidase Complex/*physiology
Protein Subunits/chemistry/genetics/*physiology
Seeds/anatomy \& histology/genetics/growth \& development
Sequence Alignment},
   ISSN = {1040-4651 (Print)
1040-4651 (Linking)},
   DOI = {10.1105/tpc.108.064444},
   url = {http://www.ncbi.nlm.nih.gov/pubmed/19252082},
   year = {2009},
   type = {Journal Article}
}

@Article{book10,
  author =   {Book, A. J. and Gladman, N. P. and Lee, S. S. and Scalf, M. and Smith, L. M. and Vierstra, R. D.},
  title =    {Affinity purification of the Arabidopsis 26S proteasome reveals a diverse array of plant proteolytic complexes},
  journal =  {J. Biol. Chem.},
  year =     {2010},
  volume =   {285},
  number =   {33},
  pages =    {25554-25569},
  doi =      {DOI 10.1074/jbc.M110.136622},
  issn =     {0021-9258},
  keywords = {regulatory particle subunits mass-spectrometric analysis 20s proteasome ubiquitylated proteins cop9 signalosome yeast proteasome core particle identification proteomics binding},
  type =     {Journal Article},
  url =      {<Go to ISI>://WOS:000280682400050}
}

@article{brown91,
   author = {Brown, M. G. and Driscoll, J. and Monaco, J. J.},
   title = {Structural and serological similarity of MHC-linked LMP and proteasome (multicatalytic proteinase) complexes},
   journal = {Nature},
   volume = {353},
   number = {6342},
   pages = {355-7},
   keywords = {Animals
Antigens/metabolism
Biopolymers
Cysteine Endopeptidases/chemistry/*immunology
Major Histocompatibility Complex
Molecular Weight
Multienzyme Complexes/chemistry/*immunology
Peptides/chemistry/*immunology
Precipitin Tests
Proteasome Endopeptidase Complex},
   ISSN = {0028-0836 (Print)
0028-0836 (Linking)},
   DOI = {10.1038/353355a0},
   url = {http://www.ncbi.nlm.nih.gov/pubmed/1922341},
   year = {1991},
   type = {Journal Article}
}

@article{brukhin05,
   author = {Brukhin, V. and Gheyselinck, J. and Gagliardini, V. and Genschik, P. and Grossniklaus, U.},
   title = {The RPN1 subunit of the 26S proteasome in Arabidopsis is essential for embryogenesis},
   journal = {Plant Cell},
   volume = {17},
   number = {10},
   pages = {2723-37},
   keywords = {Arabidopsis/*embryology/genetics/metabolism
Arabidopsis Proteins/genetics/*metabolism
Cell Division/genetics
Cyclin B/genetics/metabolism
Cyclin B1
Embryonic Development/genetics
Gametogenesis/genetics
Gene Expression Regulation, Plant/genetics
Genes, Lethal/genetics
Mutation/genetics
Phenotype
Proteasome Endopeptidase Complex/genetics/*metabolism
Protein Isoforms/genetics/metabolism
Protein Subunits/genetics/metabolism
Saccharomyces cerevisiae Proteins/genetics/metabolism
Seeds/genetics/*metabolism},
   ISSN = {1040-4651 (Print)
1040-4651 (Linking)},
   DOI = {10.1105/tpc.105.034975},
   url = {http://www.ncbi.nlm.nih.gov/pubmed/16169895},
   year = {2005},
   type = {Journal Article}
}

@Article{ciechanover80,
  author =   {Ciechanover, A. and Elias, S. and Heller, H. and Ferber, S. and Hershko, A.},
  title =    {Characterization of the heat-stable polypeptide of the ATP-dependent proteolytic system from reticulocytes},
  journal =  {J. Biol. Chem.},
  year =     {1980},
  volume =   {255},
  number =   {16},
  pages =    {7525-8},
  issn =     {0021-9258 (Print) 0021-9258 (Linking)},
  keywords = {Amino Acids/analysis Animals *Chromosomal Proteins, Non-Histone Drug Stability Hot Temperature Proteins/*metabolism Rabbits Reticulocytes/*metabolism Ubiquitins},
  type =     {Journal Article},
  url =      {http://www.ncbi.nlm.nih.gov/pubmed/6249802}
}

@Article{ciechanover80-frAQB,
  author =  {Ciechanover, A. and Heller, H. and Elias, S. and Haas, A. L. and Hershko, A.},
  title =   {ATP-dependent conjugation of reticulocyte proteins with the polypeptide required for protein degradation},
  journal = {Proc. Natl. Acad. Sci. U.S.A.},
  year =    {1980},
  volume =  {77},
  number =  {3},
  pages =   {1365-1368},
  doi =     {DOI 10.1073/pnas.77.3.1365},
  issn =    {0027-8424},
  type =    {Journal Article},
  url =     {<Go to ISI>://WOS:A1980JL81400024}
}

@article{ciechanover84,
   author = {Ciechanover, A. and Finley, D. and Varshavsky, A.},
   title = {Ubiquitin dependence of selective protein degradation demonstrated in the mammalian cell cycle mutant ts85},
   journal = {Cell},
   volume = {37},
   number = {1},
   pages = {57-66},
   ISSN = {0092-8674},
   DOI = {Doi 10.1016/0092-8674(84)90300-3},
   url = {<Go to ISI>://WOS:A1984SR71400011},
   year = {1984},
   type = {Journal Article}
}

@article{clough97,
   author = {Clough, R. C. and Vierstra, R. D.},
   title = {Phytochrome degradation},
   journal = {Plant, Cell and Environment},
   volume = {20},
   number = {6},
   pages = {713-721},
   ISSN = {0140-7791
1365-3040},
   DOI = {10.1046/j.1365-3040.1997.d01-107.x},
   year = {1997},
   type = {Journal Article}
}

@Article{dahlmann00,
  author =   {Dahlmann, B. and Ruppert, T. and Kuehn, L. and Merforth, S. and Kloetzel, P. M.},
  title =    {Different proteasome subtypes in a single tissue exhibit different enzymatic properties},
  journal =  {J. Mol. Biol.},
  year =     {2000},
  volume =   {303},
  number =   {5},
  pages =    {643-53},
  doi =      {10.1006/jmbi.2000.4185},
  issn =     {0022-2836 (Print) 0022-2836 (Linking)},
  keywords = {Amino Acid Sequence Animals Cysteine Endopeptidases/*chemistry/isolation \& purification/*metabolism Immediate-Early Proteins/chemistry/metabolism Isoenzymes/chemistry/isolation \& purification/metabolism Kinetics Male Molecular Sequence Data Multienzyme Complexes/*chemistry/isolation \& purification/*metabolism Muscle, Skeletal/*enzymology Organ Specificity Peptide Fragments/chemistry/metabolism Proteasome Endopeptidase Complex Protein Subunits Rats Rats, Wistar Substrate Specificity},
  type =     {Journal Article},
  url =      {http://www.ncbi.nlm.nih.gov/pubmed/11061965}
}

@Article{dange11,
  author =   {Dange, T. and Smith, D. M. and Noy, T. and Rommel, P. C. and Jurzitza, L. and Cordero, R. J. and Legendre, A. and Finley, D. and Goldberg, A. L. and Schmidt, M.},
  title =    {The Blm10 protein promotes proteasomal substrate turnover by an active gating mechanism},
  journal =  {J. Biol. Chem.},
  year =     {2011},
  volume =   {286},
  number =   {50},
  pages =    {42830-42839},
  doi =      {DOI 10.1074/jbc.M111.300178},
  issn =     {0021-9258},
  keywords = {20 s-proteasomes saccharomyces-cerevisiae proteolytic machine regulatory particle gene disruption 26s proteasome core particle c-termini atpases complex},
  type =     {Journal Article},
  url =      {<Go to ISI>://WOS:000298351300004}
}

@article{dharmasiri05,
   author = {Dharmasiri, Nihal and Dharmasiri, Sunethra and Estelle, Mark},
   title = {The F-box protein TIR1 is an auxin receptor},
   journal = {Nature},
   volume = {435},
   number = {7041},
   pages = {441-445},
   ISSN = {0028-0836
1476-4679},
   DOI = {10.1038/nature03543},
   year = {2005},
   type = {Journal Article}
}

@Article{disch06,
  author =   {Disch, S. and Anastasiou, E. and Sharma, V. K. and Laux, T. and Fletcher, J. C. and Lenhard, M.},
  title =    {The E3 ubiquitin ligase BIG BROTHER controls arabidopsis organ size in a dosage-dependent manner},
  journal =  {Curr. Biol.},
  year =     {2006},
  volume =   {16},
  number =   {3},
  pages =    {272-9},
  doi =      {10.1016/j.cub.2005.12.026},
  issn =     {0960-9822 (Print) 0960-9822 (Linking)},
  keywords = {Amino Acid Sequence Arabidopsis Arabidopsis Proteins/genetics/*metabolism Base Sequence Cell Cycle Proteins/metabolism Gene Dosage/genetics *Gene Expression Regulation, Plant In Situ Hybridization Molecular Sequence Data Mutation/genetics Organ Size/genetics *Phenotype Plant Components, Aerial/*growth \& development Recombinant Proteins/metabolism Sequence Analysis, DNA Transcription Factors/metabolism Ubiquitin-Protein Ligases/genetics/*metabolism},
  type =     {Journal Article},
  url =      {http://www.ncbi.nlm.nih.gov/pubmed/16461280}
}

@Article{elsasser02,
  author =   {Elsasser, S. and Gali, R. R. and Schwickart, M. and Larsen, C. N. and Leggett, D. S. and Müller, B. and Feng, M. T. and Tübing, F. and Dittmar, G. A. and Finley, D.},
  title =    {Proteasome subunit Rpn1 binds ubiquitin-like protein domains},
  journal =  {Nat. Cell Biol.},
  year =     {2002},
  volume =   {4},
  number =   {9},
  pages =    {725-730},
  doi =      {Doi 10.1038/Ncb845},
  issn =     {1465-7392},
  keywords = {saccharomyces-cerevisiae regulatory particle 26s proteasome uba domain DNA-repair degradation yeast recognition motif rad23},
  type =     {Journal Article},
  url =      {<Go to ISI>://WOS:000177783900019}
}

@article{estrin13,
   author = {Estrin, E. and Lopez-Blanco, J. R. and Chacon, P. and Martin, A.},
   title = {Formation of an intricate helical bundle dictates the assembly of the 26S proteasome lid},
   journal = {Structure},
   volume = {21},
   number = {9},
   pages = {1624-35},
   keywords = {Amino Acid Sequence
Models, Molecular
Molecular Sequence Data
Multiprotein Complexes/chemistry
Peptide Hydrolases/chemistry
Proteasome Endopeptidase Complex/*chemistry
Protein Folding
*Protein Multimerization
Protein Structure, Quaternary
Protein Structure, Secondary
Protein Structure, Tertiary
Protein Subunits/chemistry
Saccharomyces cerevisiae/enzymology
Saccharomyces cerevisiae Proteins/chemistry},
   ISSN = {1878-4186 (Electronic)
0969-2126 (Linking)},
   DOI = {10.1016/j.str.2013.06.023},
   url = {http://www.ncbi.nlm.nih.gov/pubmed/23911091},
   year = {2013},
   type = {Journal Article}
}

@Article{etlinger77,
  author =  {Etlinger, J. D. and Goldberg, A. L.},
  title =   {A soluble, ATP-dependent proteolytic system responsible for degradation of abnormal proteins in reticulocytes},
  journal = {Proc. Natl. Acad. Sci. U.S.A.},
  year =    {1977},
  volume =  {74},
  number =  {1},
  pages =   {54-58},
  doi =     {Doi 10.1073/Pnas.74.1.54},
  issn =    {0027-8424},
  type =    {Journal Article},
  url =     {<Go to ISI>://WOS:A1977CT87000012}
}

@article{farmer10,
   author = {Farmer, L. M. and Book, A. J. and Lee, K. H. and Lin, Y. L. and Fu, H. and Vierstra, R. D.},
   title = {The RAD23 family provides an essential connection between the 26S proteasome and ubiquitylated proteins in Arabidopsis},
   journal = {Plant Cell},
   volume = {22},
   number = {1},
   pages = {124-142},
   keywords = {multiubiquitin-chain-binding
ubiquitin-like protein
saccharomyces-cerevisiae
functional-analysis
s proteasome
yeast dsk2p
cell-cycle
degradation
domains
recognition},
   ISSN = {1040-4651},
   DOI = {DOI 10.1105/tpc.109.072660},
   url = {<Go to ISI>://WOS:000275926100012},
   year = {2010},
   type = {Journal Article}
}

@Article{fatimababy10,
  author =   {Fatimababy, A. S. and Lin, Y. L. and Usharani, R. and Radjacommare, R. and Wang, H. T. and Tsai, H. L. and Lee, Y. and Fu, H.},
  title =    {Cross-species divergence of the major recognition pathways of ubiquitylated substrates for ubiquitin/26S proteasome-mediated proteolysis},
  journal =  {FEBS J.},
  year =     {2010},
  volume =   {277},
  number =   {3},
  pages =    {796-816},
  doi =      {DOI 10.1111/j.1742-4658.2009.07531.x},
  issn =     {1742-464X},
  keywords = {rpn10 rpn13 ubiquitin receptor ubiquitin recognition ubl-uba factors multiubiquitin-chain-binding uba protein ddi1 26s proteasome polyubiquitin chains degradation signal subunit mcb1 aaa-atpase domains system receptors},
  type =     {Journal Article},
  url =      {<Go to ISI>://WOS:000273723200025}
}

@Article{finley09,
  author =   {Finley, D.},
  title =    {Recognition and processing of ubiquitin-protein conjugates by the proteasome},
  journal =  {Annu. Rev. Biochem.},
  year =     {2009},
  volume =   {78},
  pages =    {477-513},
  doi =      {DOI 10.1146/annurev.biochem.78.081507.101607},
  issn =     {0066-4154},
  keywords = {deubiquitination protease proteasome protein degradation ubiquitin 26 s-proteasome atp-dependent proteases multiubiquitin-chain-binding uch37 deubiquitinating enzyme 19s regulatory particle reg-gamma proteasome DNA-repair 20s proteasome cell-cycle saccharomyces-cerevisiae},
  type =     {Journal Article},
  url =      {<Go to ISI>://WOS:000268069200018}
}

@article{finley84,
   author = {Finley, D. and Ciechanover, A. and Varshavsky, A.},
   title = {Thermolability of ubiquitin-activating enzyme from the mammalian cell cycle mutant ts85},
   journal = {Cell},
   volume = {37},
   number = {1},
   pages = {43-55},
   ISSN = {0092-8674},
   DOI = {Doi 10.1016/0092-8674(84)90299-X},
   url = {<Go to ISI>://WOS:A1984SR71400010},
   year = {1984},
   type = {Journal Article}
}

@article{finley87,
   author = {Finley, D. and Ozkaynak, E. and Varshavsky, A.},
   title = {The yeast polyubiquitin gene is essential for resistance to high temperatures, starvation, and other stresses},
   journal = {Cell},
   volume = {48},
   number = {6},
   pages = {1035-1046},
   ISSN = {0092-8674},
   DOI = {Doi 10.1016/0092-8674(87)90711-2},
   url = {<Go to ISI>://WOS:A1987G694600013},
   year = {1987},
   type = {Journal Article}
}

@Article{frentzel94,
  author =   {Frentzel, S. and Pesold-Hurt, B. and Seelig, A. and Kloetzel, P. M.},
  title =    {20 S proteasomes are assembled via distinct precursor complexes. Processing of LMP2 and LMP7 proproteins takes place in 13-16 S preproteasome complexes},
  journal =  {J. Mol. Biol.},
  year =     {1994},
  volume =   {236},
  number =   {4},
  pages =    {975-81},
  issn =     {0022-2836 (Print) 0022-2836 (Linking)},
  keywords = {Animals Cell Line Centrifugation, Density Gradient Cysteine Endopeptidases/chemistry/*metabolism Electrophoresis, Gel, Two-Dimensional Enzyme Precursors/chemistry/*metabolism Mice Multienzyme Complexes/chemistry/*metabolism Proteasome Endopeptidase Complex Protein Conformation Protein Processing, Post-Translational Proteins/chemistry/metabolism T-Lymphocytes/metabolism},
  type =     {Journal Article},
  url =      {http://www.ncbi.nlm.nih.gov/pubmed/8120905}
}

@Article{fu98,
  author =   {Fu, H. and Sadis, S. and Rubin, D. M. and Glickman, M. H. and Van Nocker, S. and Finley, D. and Vierstra, R. D.},
  title =    {Multi-ubiquitin chain binding and protein degradation are mediated by distinct domains within the 26S proteasome subunit MCB1},
  journal =  {J. Biol. Chem.},
  year =     {1998},
  volume =   {273},
  number =   {4},
  pages =    {1970-1981},
  doi =      {DOI 10.1074/jbc.273.4.1970},
  issn =     {0021-9258},
  keywords = {saccharomyces-cerevisiae proteolytic pathway molecular-cloning shuttle vectors ubiquitin expression component complex system gene},
  type =     {Journal Article},
  url =      {<Go to ISI>://WOS:000071595200022}
}

@Article{fu99,
  author =   {Fu, H. and Girod, P. A. and Doelling, J. H. and Van Nocker, S. and Hochstrasser, M. and Finley, D. and Vierstra, R. D.},
  title =    {Structural and functional analyses of the 26S proteasome subunits from plants},
  journal =  {Mol. Biol. Rep.},
  year =     {1999},
  volume =   {26},
  number =   {1-2},
  pages =    {137-146},
  doi =      {Doi 10.1023/A:1006926322501},
  issn =     {0301-4851},
  keywords = {arabidopsis physcomitrella patens proteasome proteolysis ubiquitin yeast saccharomyces-cerevisiae proteasome moss physcomitrella-patens 20s proteasome regulatory particle protein-degradation phytochrome degradation ubiquitin system yeast resolution family},
  type =     {Journal Article},
  url =      {<Go to ISI>://WOS:000080186800023}
}

@Article{FuDoellingArendtEtAl1998,
  author =   {Fu, H. and Doelling, J. H. and Arendt, C. S. and Hochstrasser, M. and Vierstra, R. D.},
  title =    {Molecular organization of the 20S proteasome gene family from Arabidopsis thaliana},
  journal =  {Genetics},
  year =     {1998},
  volume =   {149},
  number =   {2},
  pages =    {677-92},
  issn =     {0016-6731 (Print) 0016-6731 (Linking)},
  keywords = {Amino Acid Sequence Arabidopsis/*genetics Cloning, Molecular Cysteine Endopeptidases/*genetics/isolation \& purification DNA, Plant/analysis Electrophoresis, Agar Gel Molecular Sequence Data Multienzyme Complexes/*genetics/isolation \& purification Multigene Family/*genetics Phylogeny Proteasome Endopeptidase Complex RNA, Plant/analysis Saccharomyces cerevisiae/genetics Sequence Homology, Amino Acid},
  type =     {Journal Article},
  url =      {http://www.ncbi.nlm.nih.gov/pubmed/9611183}
}

@Article{fujinami94,
  author =   {Fujinami, K. and Tanahashi, N. and Tanaka, K. and Ichihara, A. and Cejka, Z. and Baumeister, W. and Miyawaki, M. and Sato, T. and Nakagawa, H.},
  title =    {Purification and characterization of the 26S proteasome from spinach leaves},
  journal =  {J. Biol. Chem.},
  year =     {1994},
  volume =   {269},
  number =   {41},
  pages =    {25905-25910},
  issn =     {0021-9258},
  keywords = {multicatalytic proteinase complex rabbit reticulocyte lysate molecular-weight proteases ubiquitin-ligated proteins proteolytic complex dependent proteolysis electron-microscopy multiple forms higher-plant atp},
  type =     {Journal Article},
  url =      {<Go to ISI>://WOS:A1994PQ49100097}
}

@Article{fukunaga10,
  author =   {Fukunaga, K. and Kudo, T. and Toh-e, A. and Tanaka, K. and Saeki, Y.},
  title =    {Dissection of the assembly pathway of the proteasome lid in Saccharomyces cerevisiae},
  journal =  {Biochem. Biophys. Res. Commun.},
  year =     {2010},
  volume =   {396},
  number =   {4},
  pages =    {1048-53},
  doi =      {10.1016/j.bbrc.2010.05.061},
  issn =     {1090-2104 (Electronic) 0006-291X (Linking)},
  keywords = {Proteasome Endopeptidase Complex/genetics/*metabolism Saccharomyces cerevisiae/*enzymology/genetics Saccharomyces cerevisiae Proteins/genetics/*metabolism},
  type =     {Journal Article},
  url =      {http://www.ncbi.nlm.nih.gov/pubmed/20471955}
}

@article{funakoshi09,
   author = {Funakoshi, M. and Tomko, R. J. and Kobayashi, H. and Hochstrasser, M.},
   title = {Multiple assembly chaperones govern biogenesis of the proteasome regulatory particle base},
   journal = {Cell},
   volume = {137},
   number = {5},
   pages = {887-899},
   keywords = {26 s-proteasome
20s proteasome
protein-degradation
atpase subunits
yeast
complex
identification
recognition
destruction
activation},
   ISSN = {0092-8674},
   DOI = {DOI 10.1016/j.cell.2009.04.061},
   url = {<Go to ISI>://WOS:000266454800019},
   year = {2009},
   type = {Journal Article}
}

@Article{ganoth88,
  author =  {Ganoth, D. and Leshinsky, E. and Eytan, E. and Hershko, A.},
  title =   {A multi-component system that degrades proteins conjugated to ubiquitin: resolution of factors and evidence for ATP-dependent complex formation},
  journal = {J. Biol. Chem.},
  year =    {1988},
  volume =  {263},
  number =  {25},
  pages =   {12412-12419},
  issn =    {0021-9258},
  type =    {Journal Article},
  url =     {<Go to ISI>://WOS:A1988P861100042}
}

@article{glickman98,
   author = {Glickman, M. H. and Rubin, D. M. and Coux, O. and Wefes, I. and Pfeifer, G. and Cjeka, Z. and Baumeister, W. and Fried, V. A. and Finley, D.},
   title = {A subcomplex of the proteasome regulatory particle required for ubiquitin-conjugate degradation and related to the COP9-signalosome and eIF3},
   journal = {Cell},
   volume = {94},
   number = {5},
   pages = {615-623},
   keywords = {initiation-factor eif3
20s proteasome
multicatalytic protease
dependent proteases
20-s proteasome
11-s regulator
subunits
complex
yeast
purification},
   ISSN = {0092-8674},
   DOI = {Doi 10.1016/S0092-8674(00)81603-7},
   url = {<Go to ISI>://WOS:000075851900009},
   year = {1998},
   type = {Journal Article}
}

@Article{glickman98-c8Wsa,
  author =   {Glickman, M. H. and Rubin, D. M. and Fried, V. A. and Finley, D.},
  title =    {The regulatory particle of the Saccharomyces cerevisiae proteasome},
  journal =  {Mol. Cell. Biol.},
  year =     {1998},
  volume =   {18},
  number =   {6},
  pages =    {3149-3162},
  issn =     {0270-7306},
  keywords = {tat-mediated transactivation atp-dependent activator human 26s proteasome cdna cloning intersegmental muscles developmental-changes proteolytic pathway functional-analysis degradation signal molecular-cloning},
  type =     {Journal Article},
  url =      {<Go to ISI>://WOS:000073628800006}
}

@article{glotzer91,
   author = {Glotzer, M. and Murray, A. W. and Kirschner, M. W.},
   title = {Cyclin is degraded by the ubiquitin pathway},
   journal = {Nature},
   volume = {349},
   number = {6305},
   pages = {132-138},
   keywords = {recognition particle srp
embryonic-cell cycle
short-lived protein
sea-urchin eggs
messenger-rna
phytochrome degradation
biochemical-mutants
proteolytic system
conjugating enzyme
activating enzyme},
   ISSN = {0028-0836},
   DOI = {Doi 10.1038/349132a0},
   url = {<Go to ISI>://WOS:A1991ER41800049},
   year = {1991},
   type = {Journal Article}
}

@article{glynne91,
   author = {Glynne, R. and Powis, S. H. and Beck, S. and Kelly, A. and Kerr, L. A. and Trowsdale, J.},
   title = {A proteasome-related gene between the two ABC transporter loci in the class II region of the human MHC},
   journal = {Nature},
   volume = {353},
   number = {6342},
   pages = {357-60},
   keywords = {Amino Acid Sequence
Base Sequence
Biological Transport/genetics
Chromosome Mapping
Cysteine Endopeptidases/*genetics
HLA-D Antigens/*genetics
Humans
Major Histocompatibility Complex/*genetics
Molecular Sequence Data
Molecular Weight
Multienzyme Complexes/*genetics
Peptides/genetics
Proteasome Endopeptidase Complex
Protein Processing, Post-Translational/genetics
Sequence Homology, Nucleic Acid},
   ISSN = {0028-0836 (Print)
0028-0836 (Linking)},
   DOI = {10.1038/353357a0},
   url = {http://www.ncbi.nlm.nih.gov/pubmed/1922342},
   year = {1991},
   type = {Journal Article}
}

@Article{groettrup09,
  author =  {Groettrup, Marcus and Kirk, Christopher J. and Basler, Michael},
  title =   {Proteasomes in immune cells: more than peptide producers?},
  journal = {Nat. Rev. Immunol.},
  year =    {2009},
  volume =  {10},
  number =  {1},
  pages =   {73-78},
  doi =     {10.1038/nri2687},
  issn =    {1474-1733 1474-1741},
  type =    {Journal Article}
}

@Article{groettrup96,
  author =   {Groettrup, M. and Kraft, R. and Kostka, S. and Standera, S. and Stohwasser, R. and Kloetzel, P. M.},
  title =    {A third interferon-gamma-induced subunit exchange in the 20S proteasome},
  journal =  {Eur. J. Immunol.},
  year =     {1996},
  volume =   {26},
  number =   {4},
  pages =    {863-9},
  doi =      {10.1002/eji.1830260421},
  issn =     {0014-2980 (Print) 0014-2980 (Linking)},
  keywords = {Amino Acid Sequence Animals *Antigen Presentation Cells, Cultured Cysteine Endopeptidases/chemistry/*metabolism Fibroblasts/chemistry/cytology/immunology Histocompatibility Antigens Class I/immunology Interferon-gamma/*pharmacology Mice Mice, Inbred BALB C Molecular Sequence Data Multienzyme Complexes/chemistry/*metabolism Proteasome Endopeptidase Complex Proteins/*metabolism Recombinant Proteins Sequence Alignment Sequence Homology, Amino Acid},
  type =     {Journal Article},
  url =      {http://www.ncbi.nlm.nih.gov/pubmed/8625980}
}

@Article{groll00,
  author =   {Groll, M. and Bajorek, M. and Köhler, A. and Moroder, L. and Rubin, D. M. and Huber, R. and Glickman, M. H. and Finley, D.},
  title =    {A gated channel into the proteasome core particle},
  journal =  {Nat. Struct. Biol.},
  year =     {2000},
  volume =   {7},
  number =   {11},
  pages =    {1062-1067},
  doi =      {Doi 10.1038/80992},
  issn =     {1072-8368},
  keywords = {active-site formation 20s proteasome regulatory particle beta-subunits yeast mechanisms resolution maturation cleavage protein},
  type =     {Journal Article},
  url =      {<Go to ISI>://WOS:000165110500018}
}

@Article{groll99,
  author =   {Groll, M. and Heinemeyer, W. and Jäger, S. and Ullrich, T. and Bochtler, M. and Wolf, D. H. and Huber, R.},
  title =    {The catalytic sites of 20S proteasomes and their role in subunit maturation: a mutational and crystallographic study},
  journal =  {Proc. Natl. Acad. Sci. U.S.A.},
  year =     {1999},
  volume =   {96},
  number =   {20},
  pages =    {10976-10983},
  doi =      {DOI 10.1073/pnas.96.20.10976},
  issn =     {0027-8424},
  keywords = {beta-subunits protein acidophilum resolution cleavage yeast},
  type =     {Journal Article},
  url =      {<Go to ISI>://WOS:000082868500010}
}

@Article{gu14,
  author =  {Gu, Zhu Chao and Enenkel, Cordula},
  title =   {Proteasome assembly},
  journal = {Cell. Mol. Life Sci.},
  year =    {2014},
  volume =  {71},
  number =  {24},
  pages =   {4729-4745},
  doi =     {10.1007/s00018-014-1699-8},
  issn =    {1420-682X 1420-9071},
  type =    {Journal Article}
}

@article{hanna06,
   author = {Hanna, J. and Hathaway, N. A. and Tone, Y. and Crosas, B. and Elsasser, S. and Kirkpatrick, D. S. and Leggett, D. S. and Gygi, S. P. and King, R. W. and Finley, D.},
   title = {The deubiquitinating enzyme Ubp6 functions non-catalytically to delay proteasomal degradation},
   journal = {Cell},
   volume = {127},
   number = {1},
   pages = {99-111},
   keywords = {ubiquitin-specific protease
yeast
inhibitors
proteins
depletion
fidelity
rpn11
usp14},
   ISSN = {0092-8674},
   DOI = {DOI 10.1016/j.cell.2006.07.038},
   url = {<Go to ISI>://WOS:000241445800017},
   year = {2006},
   type = {Journal Article}
}

@Article{hatfield89,
  author =  {Hatfield, P. M. and Vierstra, R. D.},
  title =   {Ubiquitin-dependent proteolytic pathway in wheat germ: isolation of multiple forms of the E1 ubiquitin-activating enzyme},
  journal = {Biochemistry (Mosc.)},
  year =    {1989},
  volume =  {28},
  number =  {2},
  pages =   {735-742},
  doi =     {Doi 10.1021/Bi00428a048},
  issn =    {0006-2960},
  type =    {Journal Article},
  url =     {<Go to ISI>://WOS:A1989T049000048}
}

@Article{heinemeyer97,
  author =   {Heinemeyer, W. and Fischer, M. and Krimmer, T. and Stachon, U. and Wolf, D. H.},
  title =    {The active sites of the eukaryotic 20S proteasome and their involvement in subunit precursor processing},
  journal =  {J. Biol. Chem.},
  year =     {1997},
  volume =   {272},
  number =   {40},
  pages =    {25200-25209},
  doi =      {DOI 10.1074/jbc.272.40.25200},
  issn =     {0021-9258},
  keywords = {multicatalytic proteinase complex peptide-hydrolyzing activity yeast proteasome thermoplasma-acidophilum saccharomyces-cerevisiae interferon-gamma multifunctional proteinase proteolytic activities antigenic peptides encoded subunits},
  type =     {Journal Article},
  url =      {<Go to ISI>://WOS:A1997XY97000073}
}

@Article{hershko80,
  author =  {Hershko, A. and Ciechanover, A. and Heller, H. and Haas, A. L. and Rose, I. A.},
  title =   {Proposed role of ATP in protein breakdown: conjugation of proteins with multiple chains of the polypeptide of ATP-dependent proteolysis},
  journal = {Proc. Natl. Acad. Sci. U.S.A.},
  year =    {1980},
  volume =  {77},
  number =  {4},
  pages =   {1783-1786},
  doi =     {DOI 10.1073/pnas.77.4.1783},
  issn =    {0027-8424},
  type =    {Journal Article},
  url =     {<Go to ISI>://WOS:A1980JP73600005}
}

@article{hirano05,
   author = {Hirano, Yuko and Hendil, Klavs B. and Yashiroda, Hideki and Iemura, Shun-ichiro and Nagane, Ryoichi and Hioki, Yusaku and Natsume, Tohru and Tanaka, Keiji and Murata, Shigeo},
   title = {A heterodimeric complex that promotes the assembly of mammalian 20S proteasomes},
   journal = {Nature},
   volume = {437},
   number = {7063},
   pages = {1381-1385},
   ISSN = {0028-0836
1476-4679},
   DOI = {10.1038/nature04106},
   year = {2005},
   type = {Journal Article}
}

@Article{hirano06,
  author =  {Hirano, Yuko and Hayashi, Hidemi and Iemura, Shun-ichiro and Hendil, Klavs B. and Niwa, Shin-ichiro and Kishimoto, Toshihiko and Kasahara, Masanori and Natsume, Tohru and Tanaka, Keiji and Murata, Shigeo},
  title =   {Cooperation of Multiple Chaperones Required for the Assembly of Mammalian 20S Proteasomes},
  journal = {Mol. Cell},
  year =    {2006},
  volume =  {24},
  number =  {6},
  pages =   {977-984},
  doi =     {10.1016/j.molcel.2006.11.015},
  issn =    {10972765},
  type =    {Journal Article}
}

@Article{hirano08,
  author =   {Hirano, Y. and Kaneko, T. and Okamoto, K. and Bai, M. and Yashiroda, H. and Furuyama, K. and Kato, K. and Tanaka, K. and Murata, S.},
  title =    {Dissecting beta-ring assembly pathway of the mammalian 20S proteasome},
  journal =  {EMBO J.},
  year =     {2008},
  volume =   {27},
  number =   {16},
  pages =    {2204-13},
  doi =      {10.1038/emboj.2008.148},
  issn =     {1460-2075 (Electronic) 0261-4189 (Linking)},
  keywords = {Cell Line Dimerization HSC70 Heat-Shock Proteins/metabolism HSP90 Heat-Shock Proteins/metabolism Humans Models, Biological Molecular Chaperones/metabolism Peptides/chemistry/metabolism Proteasome Endopeptidase Complex/*chemistry/*metabolism Protein Binding Protein Precursors/metabolism Protein Structure, Secondary Protein Subunits/chemistry/metabolism},
  type =     {Journal Article},
  url =      {http://www.ncbi.nlm.nih.gov/pubmed/18650933}
}

@Article{hochstrasser91,
  author =   {Hochstrasser, M. and Ellison, M. J. and Chau, V. and Varshavsky, A.},
  title =    {The short-lived MATα2 transcriptional regulator is ubiquitinated in vivo},
  journal =  {Proc. Natl. Acad. Sci. U.S.A.},
  year =     {1991},
  volume =   {88},
  number =   {11},
  pages =    {4606-4610},
  doi =      {DOI 10.1073/pnas.88.11.4606},
  issn =     {0027-8424},
  keywords = {ubiquitin protein degradation saccharomyces-cerevisiae alpha-2 repressor epitope tagging saccharomyces-cerevisiae protein-degradation conjugating enzymes shuttle vectors c-myc yeast system genes},
  type =     {Journal Article},
  url =      {<Go to ISI>://WOS:A1991FP08700010}
}

@Article{hough86,
  author =  {Hough, R. and Pratt, G. and Rechsteiner, M.},
  title =   {Ubiquitin-lysozyme conjugates: identification and characterization of an ATP-dependent protease from rabbit reticulocyte lysates},
  journal = {J. Biol. Chem.},
  year =    {1986},
  volume =  {261},
  number =  {5},
  pages =   {2400-2408},
  issn =    {0021-9258},
  type =    {Journal Article},
  url =     {<Go to ISI>://WOS:A1986A006900066}
}

@Article{hough86-1xVPf,
  author =  {Hough, R. and Rechsteiner, M.},
  title =   {Ubiquitin-lysozyme conjugates: purification and susceptibility to proteolysis},
  journal = {J. Biol. Chem.},
  year =    {1986},
  volume =  {261},
  number =  {5},
  pages =   {2391-2399},
  issn =    {0021-9258},
  type =    {Journal Article},
  url =     {<Go to ISI>://WOS:A1986A006900065}
}

@Article{hough87,
  author =  {Hough, R. and Pratt, G. and Rechsteiner, M.},
  title =   {Purification of two high molecular weight proteases from rabbit reticulocyte lysate},
  journal = {J. Biol. Chem.},
  year =    {1987},
  volume =  {262},
  number =  {17},
  pages =   {8303-8313},
  issn =    {0021-9258},
  type =    {Journal Article},
  url =     {<Go to ISI>://WOS:A1987H684000059}
}

@Article{hua11,
  author =   {Hua, Z. and Vierstra, R. D.},
  title =    {The cullin-RING ubiquitin-protein ligases},
  journal =  {Annu. Rev. Plant Biol.},
  year =     {2011},
  volume =   {62},
  pages =    {299-334},
  doi =      {DOI 10.1146/annurev-arplant-042809-112256},
  issn =     {1543-5008},
  keywords = {f-box protein systemic acquired-resistance recognizes sugar chains DNA-binding activity c-terminal domain skp1 gene family arabidopsis-thaliana self-incompatibility s-rnase cop9 signalosome},
  type =     {Journal Article},
  url =      {<Go to ISI>://WOS:000292009300013}
}

@Article{hua13,
  author =   {Hua, Z. and Pool, J. E. and Schmitz, R. J. and Schultz, M. D. and Shiu, S. H. and Ecker, J. R. and Vierstra, R. D.},
  title =    {Epigenomic programming contributes to the genomic drift evolution of the F-Box protein superfamily in Arabidopsis},
  journal =  {Proc. Natl. Acad. Sci. U.S.A.},
  year =     {2013},
  volume =   {110},
  number =   {42},
  pages =    {16927-16932},
  doi =      {DOI 10.1073/pnas.1316009110},
  issn =     {0027-8424},
  keywords = {ubiquitylation population genomics gene birth-and-death DNA methylation thaliana genes diversity plants rna selection patterns complex},
  type =     {Journal Article},
  url =      {<Go to ISI>://WOS:000325634200054}
}

@article{husnjak08,
   author = {Husnjak, K. and Elsasser, S. and Zhang, N. and Chen, X. and Randles, L. and Shi, Y. and Hofmann, K. and Walters, K. J. and Finley, D. and Dikic, I.},
   title = {Proteasome subunit Rpn13 is a novel ubiquitin receptor},
   journal = {Nature},
   volume = {453},
   number = {7194},
   pages = {481-488},
   keywords = {deubiquitinating enzyme
26s proteasome
polyubiquitin chains
protein interactome
uba domains
degradation
proteolysis
rad23
binds
uch37},
   ISSN = {0028-0836},
   DOI = {Doi 10.1038/Nature06926},
   url = {<Go to ISI>://WOS:000256023700034},
   year = {2008},
   type = {Journal Article}
}

@Article{husnjak12,
  author =   {Husnjak, K. and Dikic, I.},
  title =    {Ubiquitin-binding proteins: decoders of ubiquitin-mediated cellular functions},
  journal =  {Annu. Rev. Biochem.},
  year =     {2012},
  volume =   {81},
  pages =    {291-322},
  doi =      {DOI 10.1146/annurev-biochem-051810-094654},
  issn =     {0066-4154},
  keywords = {ubiquitination autophagy nf-kappa b 26s proteasome endocytosis ubiquitin receptor nf-kappa-b 63-linked polyubiquitin chains transcription factor met4 receptor down-regulation zinc-finger domain cross-link repair structural basis uba domains interacting motif proteasomal degradation},
  type =     {Journal Article},
  url =      {<Go to ISI>://WOS:000305765500014}
}

@Article{jager99,
  author =   {Jager, S. and Groll, M. and Huber, R. and Wolf, D. H. and Heinemeyer, W.},
  title =    {Proteasome beta-type subunits: unequal roles of propeptides in core particle maturation and a hierarchy of active site function},
  journal =  {J. Mol. Biol.},
  year =     {1999},
  volume =   {291},
  number =   {4},
  pages =    {997-1013},
  doi =      {10.1006/jmbi.1999.2995},
  issn =     {0022-2836 (Print) 0022-2836 (Linking)},
  keywords = {Catalytic Domain/genetics Cysteine Endopeptidases/*chemistry/genetics/*metabolism Enzyme Activation Enzyme Precursors/chemistry/genetics/metabolism Genetic Variation Multienzyme Complexes/*chemistry/genetics/*metabolism Mutation Plasmids/genetics Proteasome Endopeptidase Complex Protein Conformation Protein Processing, Post-Translational Recombinant Fusion Proteins/chemistry/genetics/metabolism Saccharomyces cerevisiae/enzymology/genetics},
  type =     {Journal Article},
  url =      {http://www.ncbi.nlm.nih.gov/pubmed/10452902}
}

@article{kaneko09,
   author = {Kaneko, T. and Hamazaki, J. and Iemura, S. and Sasaki, K. and Furuyama, K. and Natsume, T. and Tanaka, K. and Murata, S.},
   title = {Assembly pathway of the Mammalian proteasome base subcomplex is mediated by multiple specific chaperones},
   journal = {Cell},
   volume = {137},
   number = {5},
   pages = {914-25},
   keywords = {Cell Line
Gene Knockdown Techniques
Humans
Molecular Chaperones/metabolism
Proteasome Endopeptidase Complex/*metabolism},
   ISSN = {1097-4172 (Electronic)
0092-8674 (Linking)},
   DOI = {10.1016/j.cell.2009.05.008},
   url = {http://www.ncbi.nlm.nih.gov/pubmed/19490896},
   year = {2009},
   type = {Journal Article}
}

@Article{katsir08,
  author =  {Katsir, L. and Schilmiller, A. L. and Staswick, P. E. and He, S. Y. and Howe, G. A.},
  title =   {COI1 is a critical component of a receptor for jasmonate and the bacterial virulence factor coronatine},
  journal = {Proc. Natl. Acad. Sci. U.S.A.},
  year =    {2008},
  volume =  {105},
  number =  {19},
  pages =   {7100-7105},
  doi =     {10.1073/pnas.0802332105},
  issn =    {0027-8424 1091-6490},
  type =    {Journal Article}
}

@article{kim08,
   author = {Kim, H. J. and Oh, S. A. and Brownfield, L. and Hong, S. H. and Ryu, H. and Hwang, I. and Twell, D. and Nam, H. G.},
   title = {Control of plant germline proliferation by SCF(FBL17) degradation of cell cycle inhibitors},
   journal = {Nature},
   volume = {455},
   number = {7216},
   pages = {1134-7},
   keywords = {Arabidopsis/*cytology/embryology/genetics/*metabolism
Arabidopsis Proteins/genetics/*metabolism
Cell Cycle/*physiology
Cell Division/genetics
Cell Proliferation
Cyclin-Dependent Kinase Inhibitor Proteins/*metabolism
F-Box Proteins/genetics/*metabolism
Gene Expression Regulation, Plant
Mutation
Pollen/*cytology
Proteasome Endopeptidase Complex/metabolism
SKP Cullin F-Box Protein Ligases/metabolism},
   ISSN = {1476-4687 (Electronic)
0028-0836 (Linking)},
   DOI = {10.1038/nature07289},
   url = {http://www.ncbi.nlm.nih.gov/pubmed/18948957},
   year = {2008},
   type = {Journal Article}
}

@Article{kisselev12,
  author =   {Kisselev, A. F. and van der Linden, W. A. and Overkleeft, H. S.},
  title =    {Proteasome inhibitors: an expanding army attacking a unique target},
  journal =  {Chem. Biol.},
  year =     {2012},
  volume =   {19},
  number =   {1},
  pages =    {99-115},
  doi =      {10.1016/j.chembiol.2012.01.003},
  issn =     {1879-1301 (Electronic) 1074-5521 (Linking)},
  keywords = {Anti-Inflammatory Agents/chemistry/pharmacology/therapeutic use Antineoplastic Agents/therapeutic use Boronic Acids/chemistry/pharmacology/therapeutic use Bortezomib Clinical Trials as Topic Humans Lactones/chemistry/pharmacology/therapeutic use Multiple Myeloma/drug therapy Peptides, Cyclic/chemistry/pharmacology/therapeutic use Protease Inhibitors/chemistry/*pharmacology/therapeutic use Proteasome Endopeptidase Complex/drug effects/metabolism *Proteasome Inhibitors Pyrazines/therapeutic use},
  type =     {Journal Article},
  url =      {http://www.ncbi.nlm.nih.gov/pubmed/22284358}
}

@Article{köhler01,
  author =   {Köhler, A. and Cascio, P. and Leggett, D. S. and Woo, K. M. and Goldberg, A. L. and Finley, D.},
  title =    {The axial channel of the proteasome core particle is gated by the Rpt2 ATPase and controls both substrate entry and product release},
  journal =  {Mol. Cell},
  year =     {2001},
  volume =   {7},
  number =   {6},
  pages =    {1143-1152},
  doi =      {Doi 10.1016/S1097-2765(01)00274-X},
  issn =     {1097-2765},
  keywords = {20s proteasome antigen presentation regulatory particle dependent proteases protein breakdown chaperone clpa degradation peptides mechanism yeast},
  type =     {Journal Article},
  url =      {<Go to ISI>://WOS:000169547400003}
}

@Article{kremp86,
  author =  {Kremp, A. and Schliephacke, M. and Kull, U. and Schmid, H. P.},
  title =   {Prosomes exist in plant cells too},
  journal = {Exp. Cell. Res.},
  year =    {1986},
  volume =  {166},
  number =  {2},
  pages =   {553-557},
  doi =     {Doi 10.1016/0014-4827(86)90500-8},
  issn =    {0014-4827},
  type =    {Journal Article},
  url =     {<Go to ISI>://WOS:A1986E153400025}
}

@Article{kusmierczyk08,
  author =   {Kusmierczyk, A. R. and Kunjappu, M. J. and Funakoshi, M. and Hochstrasser, M.},
  title =    {A multimeric assembly factor controls the formation of alternative 20S proteasomes},
  journal =  {Nat. Struct. Mol. Biol.},
  year =     {2008},
  volume =   {15},
  number =   {3},
  pages =    {237-244},
  doi =      {DOI 10.1038/nsmb.1389},
  issn =     {1545-9985},
  keywords = {yeast saccharomyces-cerevisiae active-site formation protein-degradation 26s proteasome core particle identification completion biogenesis chaperones complexes},
  type =     {Journal Article},
  url =      {<Go to ISI>://WOS:000253815400007}
}

@Article{kusmierczyk11,
  author =   {Kusmierczyk, A. R. and Kunjappu, M. J. and Kim, R. Y. and Hochstrasser, M.},
  title =    {A conserved 20S proteasome assembly factor requires a C-terminal HbYX motif for proteasomal precursor binding},
  journal =  {Nat. Struct. Mol. Biol.},
  year =     {2011},
  volume =   {18},
  number =   {5},
  pages =    {622-9},
  doi =      {10.1038/nsmb.2027},
  issn =     {1545-9985 (Electronic) 1545-9985 (Linking)},
  keywords = {Amino Acid Motifs Binding Sites Conserved Sequence Proteasome Endopeptidase Complex/metabolism Saccharomyces cerevisiae Saccharomyces cerevisiae Proteins/*chemistry/metabolism Sequence Analysis, Protein Structure-Activity Relationship},
  type =     {Journal Article},
  url =      {http://www.ncbi.nlm.nih.gov/pubmed/21499243}
}

@article{lander12,
   author = {Lander, G. C. and Estrin, E. and Matyskiela, M. E. and Bashore, C. and Nogales, E. and Martin, A.},
   title = {Complete subunit architecture of the proteasome regulatory particle},
   journal = {Nature},
   volume = {482},
   number = {7384},
   pages = {186-191},
   keywords = {electron-microscopy
26s proteasome
saccharomyces-cerevisiae
ubiquitin chains
new-generation
core particle
degradation
translocation
proteins
atpases},
   ISSN = {0028-0836},
   DOI = {Doi 10.1038/Nature10774},
   url = {<Go to ISI>://WOS:000299994100031},
   year = {2012},
   type = {Journal Article}
}

@Article{lasker12,
  author =   {Lasker, K. and Förster, F. and Bohn, S. and Walzthoeni, T. and Villa, E. and Unverdorben, P. and Beck, F. and Aebersold, R. and Sali, A. and Baumeister, W.},
  title =    {Molecular architecture of the 26S proteasome holocomplex determined by an integrative approach},
  journal =  {Proc. Natl. Acad. Sci. U.S.A.},
  year =     {2012},
  volume =   {109},
  number =   {5},
  pages =    {1380-1387},
  doi =      {DOI 10.1073/pnas.1120559109},
  issn =     {0027-8424},
  keywords = {coiled coils mass spectrometry proteasome-cop9-eif3 domain proteasome-cyclosome repeats yeast saccharomyces-cerevisiae macromolecular assemblies regulatory particle methanocaldococcus-jannaschii deubiquitinating enzyme polyubiquitin chains ubiquitin receptor protein complexes crystal-structure 20s proteasomes},
  type =     {Journal Article},
  url =      {<Go to ISI>://WOS:000299731400018}
}

@Article{le07,
  author =   {Le Tallec, B. and Barrault, M. B. and Courbeyrette, R. and Guérois, R. and Marsolier-Kergoat, M. C. and Peyroche, A.},
  title =    {20S proteasome assembly is orchestrated by two distinct pairs of chaperones in yeast and mammals},
  journal =  {Mol. Cell},
  year =     {2007},
  volume =   {27},
  number =   {4},
  pages =    {660-674},
  doi =      {DOI 10.1016/j.molcel.2007.06.025},
  issn =     {1097-2765},
  keywords = {active-site formation DNA-damage response saccharomyces-cerevisiae precursor complexes 26s proteasome beta-subunits s proteasome maturation biogenesis checkpoint},
  type =     {Journal Article},
  url =      {<Go to ISI>://WOS:000249050200016}
}

@Article{le09,
  author =   {Le Tallec, B. and Barrault, M. B. and Guerois, R. and Carre, T. and Peyroche, A.},
  title =    {Hsm3/S5b participates in the assembly pathway of the 19S regulatory particle of the proteasome},
  journal =  {Mol. Cell},
  year =     {2009},
  volume =   {33},
  number =   {3},
  pages =    {389-99},
  doi =      {10.1016/j.molcel.2009.01.010},
  issn =     {1097-4164 (Electronic) 1097-2765 (Linking)},
  keywords = {Adenosine Triphosphatases/metabolism Conserved Sequence DNA-Binding Proteins/metabolism Humans Models, Biological Molecular Chaperones Proteasome Endopeptidase Complex/*metabolism Protein Structure, Tertiary Saccharomyces cerevisiae/metabolism Saccharomyces cerevisiae Proteins/*metabolism Signal Transduction Structure-Activity Relationship},
  type =     {Journal Article},
  url =      {http://www.ncbi.nlm.nih.gov/pubmed/19217412}
}

@Article{lee90,
  author =   {Lee, L. W. and Moomaw, C. R. and Orth, K. and McGuire, M. J. and DeMartino, G. N. and Slaughter, C. A.},
  title =    {Relationships among the subunits of the high molecular weight proteinase, macropain (proteasome)},
  journal =  {Biochim. Biophys. Acta},
  year =     {1990},
  volume =   {1037},
  number =   {2},
  pages =    {178-85},
  issn =     {0006-3002 (Print) 0006-3002 (Linking)},
  keywords = {Amino Acid Sequence Chromatography, High Pressure Liquid Cysteine Endopeptidases/genetics/*physiology Electrophoresis, Polyacrylamide Gel Erythrocytes/*enzymology Genes Humans Molecular Sequence Data Multienzyme Complexes/genetics/*physiology Peptide Fragments/analysis Peptide Mapping Proteasome Endopeptidase Complex Sequence Homology, Nucleic Acid Trypsin},
  type =     {Journal Article},
  url =      {http://www.ncbi.nlm.nih.gov/pubmed/2306472}
}

@Article{leggett02,
  author =   {Leggett, D. S. and Hanna, J. and Borodovsky, A. and Crosas, B. and Schmidt, M. and Baker, R. T. and Walz, T. and Ploegh, H. L. and Finley, D.},
  title =    {Multiple associated proteins regulate proteasome structure and function},
  journal =  {Mol. Cell},
  year =     {2002},
  volume =   {10},
  number =   {3},
  pages =    {495-507},
  doi =      {Doi 10.1016/S1097-2765(02)00638-X},
  issn =     {1097-2765},
  keywords = {doa4 deubiquitinating enzyme 26s proteasome saccharomyces-cerevisiae core particle ubiquitin yeast identification pathway complex domain},
  type =     {Journal Article},
  url =      {<Go to ISI>://WOS:000178330900009}
}

@Article{leggett05,
  author =   {Leggett, D. S. and Glickman, M. H. and Finley, D.},
  title =    {Purification of proteasomes, proteasome sub-complexes, and proteasome-associated proteins from budding yeast},
  journal =  {Methods Mol. Biol.},
  year =     {2005},
  volume =   {301},
  pages =    {57-70},
  doi =      {10.1385/1-59259-895-1:057},
  issn =     {1064-3745 (Print) 1064-3745 (Linking)},
  keywords = {Chromatography, Affinity/methods Proteasome Endopeptidase Complex/*chemistry/*isolation \& purification Saccharomyces cerevisiae/*enzymology},
  type =     {Journal Article},
  url =      {http://www.ncbi.nlm.nih.gov/pubmed/15917626}
}

@Article{lehmann10,
  author =   {Lehmann, A. and Niewienda, A. and Jechow, K. and Janek, K. and Enenkel, C.},
  title =    {Ecm29 fulfils quality control functions in proteasome assembly},
  journal =  {Mol. Cell},
  year =     {2010},
  volume =   {38},
  number =   {6},
  pages =    {879-888},
  doi =      {DOI 10.1016/j.molcel.2010.06.016},
  issn =     {1097-2765},
  keywords = {20s proteasome 26s proteasome core particle protein-degradation yeast maturation subunit completion biogenesis chaperones},
  type =     {Journal Article},
  url =      {<Go to ISI>://WOS:000279297500012}
}

@Article{li07,
  author =   {Li, X. and Kusmierczyk, A. R. and Wong, P. and Emili, A. and Hochstrasser, M.},
  title =    {beta-Subunit appendages promote 20S proteasome assembly by overcoming an Ump1-dependent checkpoint},
  journal =  {EMBO J.},
  year =     {2007},
  volume =   {26},
  number =   {9},
  pages =    {2339-49},
  doi =      {10.1038/sj.emboj.7601681},
  issn =     {0261-4189 (Print) 0261-4189 (Linking)},
  keywords = {Cysteine Endopeptidases/biosynthesis Dimerization Humans Models, Molecular Molecular Chaperones/genetics/*metabolism Mutation Proteasome Endopeptidase Complex/*biosynthesis Protein Precursors/*biosynthesis Protein Structure, Tertiary Protein Subunits/biosynthesis Saccharomyces cerevisiae/*physiology Saccharomyces cerevisiae Proteins/*biosynthesis},
  type =     {Journal Article},
  url =      {http://www.ncbi.nlm.nih.gov/pubmed/17431397}
}

@article{li15,
   author = {Li, D. and Dong, Q. and Tao, Q. and Gu, J. and Cui, Y. and Jiang, X. and Yuan, J. and Li, W. and Xu, R. and Jin, Y. and Li, P. and Weaver, D. T. and Ma, Q. and Liu, X. and Cao, C.},
   title = {c-Abl regulates proteasome abundance by controlling the ubiquitin-proteasomal degradation of PSMA7 subunit},
   journal = {Cell Rep},
   volume = {10},
   number = {4},
   pages = {484-96},
   keywords = {Animals
Cells, Cultured
Chromatography, Gel
HEK293 Cells
Homeostasis
Humans
Immunoblotting
Immunoprecipitation
MCF-7 Cells
Mice
Mice, Inbred BALB C
Mice, Knockout
Phosphorylation
Proteasome Endopeptidase Complex/genetics/*metabolism
Proto-Oncogene Proteins c-abl/*metabolism
Tandem Mass Spectrometry
Ubiquitin/*metabolism
Ubiquitination/physiology},
   ISSN = {2211-1247 (Electronic)},
   DOI = {10.1016/j.celrep.2014.12.044},
   url = {http://www.ncbi.nlm.nih.gov/pubmed/25620702},
   year = {2015},
   type = {Journal Article}
}

@article{lin11,
   author = {Lin, Y. L. and Sung, S. C. and Tsai, H. L. and Yu, T. T. and Radjacommare, R. and Usharani, R. and Fatimababy, A. S. and Lin, H. Y. and Wang, Y. Y. and Fu, H.},
   title = {The defective proteasome, not substrate recognition function, is responsible for the null phenotypes of the Arabidopsis proteasome subunit RPN10},
   journal = {Plant Cell},
   volume = {23},
   number = {7},
   pages = {2754-2773},
   keywords = {lys48-linked polyubiquitin chain
ubiquitin-binding proteins
26s proteasome
regulatory particle
gametophyte development
degradation signal
transgenic plants
uba domain
aaa-atpase
pathway},
   ISSN = {1040-4651},
   DOI = {DOI 10.1105/tpc.111.086702},
   url = {<Go to ISI>://WOS:000294164300026},
   year = {2011},
   type = {Journal Article}
}

@Article{malik04,
  author =   {Malik, M. N. and Spivack, W. D. and Sheikh, A. M. and Fenko, M. D.},
  title =    {The 26S proteasome in garlic (Allium sativum): purification and partial characterization},
  journal =  {J. Agric. Food. Chem.},
  year =     {2004},
  volume =   {52},
  number =   {11},
  pages =    {3350-3355},
  doi =      {DOI 10.1021/jf035309r},
  issn =     {0021-8561},
  keywords = {allium sativum multicatalytic protease prosome purification molecular cloning mass fingerprint analysis polymerase chain reaction calf brain rat-liver proteins complex degradation ubiquitin proteolysis apoptosis pituitary pathway},
  type =     {Journal Article},
  url =      {<Go to ISI>://WOS:000221652400023}
}

@Article{marques07,
  author =   {Marques, A. J. and Glanemann, C. and Ramos, P. C. and Dohmen, R. J.},
  title =    {The C-terminal extension of the beta7 subunit and activator complexes stabilize nascent 20 S proteasomes and promote their maturation},
  journal =  {J. Biol. Chem.},
  year =     {2007},
  volume =   {282},
  number =   {48},
  pages =    {34869-76},
  doi =      {10.1074/jbc.M705836200},
  issn =     {0021-9258 (Print) 0021-9258 (Linking)},
  keywords = {Binding Sites Chromatography Cysteine Endopeptidases/chemistry Dimerization Models, Biological Molecular Chaperones/metabolism Multienzyme Complexes/chemistry Mutation Peptides/chemistry Proteasome Endopeptidase Complex/*chemistry/metabolism Protein Structure, Tertiary Saccharomyces cerevisiae/metabolism Saccharomyces cerevisiae Proteins/metabolism Subcellular Fractions/metabolism Temperature},
  type =     {Journal Article},
  url =      {http://www.ncbi.nlm.nih.gov/pubmed/17911101}
}

@article{más03,
   author = {Más, Paloma and Kim, Woe-Yeon and Somers, David E. and Kay, Steve A.},
   title = {Targeted degradation of TOC1 by ZTL modulates circadian function in Arabidopsis thaliana},
   journal = {Nature},
   volume = {426},
   number = {6966},
   pages = {567-570},
   ISSN = {0028-0836
1476-4679},
   DOI = {10.1038/nature02163},
   year = {2003},
   type = {Journal Article}
}

@article{mcclure04,
   author = {McClure, B.},
   title = {S-RNase and SLF Determine S-Haplotype-Specific Pollen Recognition and Rejection},
   journal = {The Plant Cell Online},
   volume = {16},
   number = {11},
   pages = {2840-2847},
   ISSN = {1040-4651
1532-298X},
   DOI = {10.1105/tpc.104.161130},
   year = {2004},
   type = {Journal Article}
}

@article{murase08,
   author = {Murase, K. and Hirano, Y. and Sun, T. P. and Hakoshima, T.},
   title = {Gibberellin-induced DELLA recognition by the gibberellin receptor GID1},
   journal = {Nature},
   volume = {456},
   number = {7221},
   pages = {459-63},
   keywords = {Amino Acid Motifs
Arabidopsis/*chemistry/metabolism
Arabidopsis Proteins/*chemistry/genetics/*metabolism
Circular Dichroism
Crystallography, X-Ray
Gibberellins/metabolism/*pharmacology
Models, Biological
Models, Molecular
Plant Growth Regulators/metabolism/*pharmacology
Protein Binding
Protein Structure, Tertiary/drug effects
Receptors, Cell Surface/*chemistry/genetics/*metabolism
Substrate Specificity},
   ISSN = {1476-4687 (Electronic)
0028-0836 (Linking)},
   DOI = {10.1038/nature07519},
   url = {http://www.ncbi.nlm.nih.gov/pubmed/19037309},
   year = {2008},
   type = {Journal Article}
}

@article{murata07,
   author = {Murata, S. and Sasaki, K. and Kishimoto, T. and Niwa, S. and Hayashi, H. and Takahama, Y. and Tanaka, K.},
   title = {Regulation of CD8+ T cell development by thymus-specific proteasomes},
   journal = {Science},
   volume = {316},
   number = {5829},
   pages = {1349-53},
   keywords = {Amino Acid Sequence
Animals
Autoantigens/immunology/metabolism
CD4-Positive T-Lymphocytes/cytology/immunology
CD8-Positive T-Lymphocytes/cytology/*immunology
Catalytic Domain
Epithelial Cells/enzymology
Green Fluorescent Proteins/genetics/metabolism
Histocompatibility Antigens Class I/immunology/metabolism
Humans
Lymphopoiesis
Molecular Sequence Data
Peptides/chemistry/metabolism
Proteasome Endopeptidase Complex/chemistry/genetics/*metabolism
Spleen/cytology/immunology
T-Lymphocyte Subsets/cytology/immunology
Thymus Gland/*cytology/*enzymology/immunology},
   ISSN = {1095-9203 (Electronic)
0036-8075 (Linking)},
   DOI = {10.1126/science.1141915},
   url = {http://www.ncbi.nlm.nih.gov/pubmed/17540904},
   year = {2007},
   type = {Journal Article}
}

@Article{murata09,
  author =  {Murata, Shigeo and Yashiroda, Hideki and Tanaka, Keiji},
  title =   {Molecular mechanisms of proteasome assembly},
  journal = {Nat. Rev. Mol. Cell Biol.},
  year =    {2009},
  volume =  {10},
  number =  {2},
  pages =   {104-115},
  doi =     {10.1038/nrm2630},
  issn =    {1471-0072 1471-0080},
  type =    {Journal Article}
}

@Article{murray97,
  author =   {Murray, P. F. and Giordano, C. V. and Passeron, S. and Barneix, A. J.},
  title =    {Purification and characterization of the 20S proteasome from wheat leaves},
  journal =  {Plant Sci.},
  year =     {1997},
  volume =   {125},
  number =   {2},
  pages =    {127-136},
  issn =     {0168-9452},
  keywords = {multicatalytic proteinase 20 s proteasome proteolysis wheat leaves protein-degradation proteolytic pathway ubiquitin subunit acidophilum resolution expression yeast cell},
  type =     {Journal Article},
  url =      {<Go to ISI>://WOS:A1997XE78700002}
}

@Article{neefjes11,
  author =   {Neefjes, J. and Jongsma, M. L. and Paul, P. and Bakke, O.},
  title =    {Towards a systems understanding of MHC class I and MHC class II antigen presentation},
  journal =  {Nat. Rev. Immunol.},
  year =     {2011},
  volume =   {11},
  number =   {12},
  pages =    {823-36},
  doi =      {10.1038/nri3084},
  issn =     {1474-1741 (Electronic) 1474-1733 (Linking)},
  keywords = {Animals Antigen Presentation/genetics/*immunology Biological Transport Dendritic Cells/immunology Endoplasmic Reticulum/metabolism Genes, MHC Class I Genes, MHC Class II Histocompatibility Antigens Class I/*immunology Histocompatibility Antigens Class II/*immunology Humans Mice Models, Immunological Multiprotein Complexes/immunology Peptide Fragments/immunology Polymorphism, Genetic Proteasome Endopeptidase Complex/metabolism RNA, Small Interfering/genetics/immunology Structure-Activity Relationship Systems Theory},
  type =     {Journal Article},
  url =      {http://www.ncbi.nlm.nih.gov/pubmed/22076556}
}

@article{nelson14,
   author = {Nelson, C. J. and Li, L. and Millar, A. H.},
   title = {Quantitative analysis of protein turnover in plants},
   journal = {Proteomics},
   volume = {14},
   number = {4-5},
   pages = {579-592},
   keywords = {isotopic labelling
ms
plant proteomics
protein turnover
synthesis
atp-dependent proteases
chlorophyll regulates accumulation
increasing apoprotein stability
spectrometry-based proteomics
arabidopsis-thaliana cells
mass-spectrometry
in-vivo
gene-expression
mammalian-cells
amino-acids},
   ISSN = {1615-9853},
   DOI = {DOI 10.1002/pmic.201300240},
   url = {<Go to ISI>://WOS:000332341200019},
   year = {2014},
   type = {Journal Article}
}

@article{ortiz-navarrete91,
   author = {Ortiz-Navarrete, V. and Seelig, A. and Gernold, M. and Frentzel, S. and Kloetzel, P. M. and Hammerling, G. J.},
   title = {Subunit of the '20S' proteasome (multicatalytic proteinase) encoded by the major histocompatibility complex},
   journal = {Nature},
   volume = {353},
   number = {6345},
   pages = {662-4},
   keywords = {Animals
Biological Transport
Cysteine Endopeptidases/chemistry/*genetics/metabolism
Gene Expression Regulation
Genes, MHC Class I/*genetics
H-2 Antigens/immunology
Humans
Interferon-gamma/pharmacology
Mice
Mice, Inbred BALB C
Mice, Inbred C57BL
Molecular Weight
Multienzyme Complexes/chemistry/*genetics/metabolism
Peptide Fragments/immunology/metabolism
Proteasome Endopeptidase Complex
Tumor Cells, Cultured},
   ISSN = {0028-0836 (Print)
0028-0836 (Linking)},
   DOI = {10.1038/353662a0},
   url = {http://www.ncbi.nlm.nih.gov/pubmed/1922384},
   year = {1991},
   type = {Journal Article}
}

@Article{ozaki92,
  author =   {Ozaki, M. and Fujinami, K. and Tanaka, K. and Amemiya, Y. and Sato, T. and Ogura, N. and Nakagawa, H.},
  title =    {Purification and initial characterization of the proteasome from the higher plant Spinacia oleracea},
  journal =  {J. Biol. Chem.},
  year =     {1992},
  volume =   {267},
  number =   {30},
  pages =    {21678-21684},
  issn =     {0021-9258},
  keywords = {multicatalytic proteinase complex molecular-weight proteases sodium dodecyl-sulfate mammalian-cells rat-liver eukaryotic cells ubiquitin subunits degradation involvement},
  type =     {Journal Article},
  url =      {<Go to ISI>://WOS:A1992JV01100066}
}

@article{padmanabhan16,
   author = {Padmanabhan, A. and Vuong, S. A. and Hochstrasser, M.},
   title = {Assembly of an Evolutionarily Conserved Alternative Proteasome Isoform in Human Cells},
   journal = {Cell Rep},
   volume = {14},
   number = {12},
   pages = {2962-74},
   ISSN = {2211-1247 (Electronic)},
   DOI = {10.1016/j.celrep.2016.02.068},
   url = {http://www.ncbi.nlm.nih.gov/pubmed/26997268},
   year = {2016},
   type = {Journal Article}
}

@Article{paraskevopoulos14,
  author =   {Paraskevopoulos, K. and Kriegenburg, F. and Tatham, M. H. and Rösner, H. I. and Medina, B. and Larsen, I. B. and Brandstrup, R. and Hardwick, K. G. and Hay, R. T. and Kragelund, B. B. and Hartmann-Petersen, R. and Gordon, C.},
  title =    {Dss1 is a 26S proteasome ubiquitin receptor},
  journal =  {Mol. Cell},
  year =     {2014},
  volume =   {56},
  number =   {3},
  pages =    {453-461},
  doi =      {DOI 10.1016/j.molcel.2014.09.008},
  issn =     {1097-2765},
  keywords = {regulatory particle binding proteins fission yeast degradation subunit complex domain sem1 localization recognition},
  type =     {Journal Article},
  url =      {<Go to ISI>://WOS:000344484800013}
}

@Article{ParaskevopoulosKriegenburgTathamEtAl2014,
  author =   {Paraskevopoulos, K. and Kriegenburg, F. and Tatham, M. H. and Rosner, H. I. and Medina, B. and Larsen, I. B. and Brandstrup, R. and Hardwick, K. G. and Hay, R. T. and Kragelund, B. B. and Hartmann-Petersen, R. and Gordon, C.},
  title =    {Dss1 is a 26S proteasome ubiquitin receptor},
  journal =  {Mol. Cell},
  year =     {2014},
  volume =   {56},
  number =   {3},
  pages =    {453-61},
  doi =      {10.1016/j.molcel.2014.09.008},
  issn =     {1097-4164 (Electronic) 1097-2765 (Linking)},
  keywords = {Binding Sites Carrier Proteins/*metabolism Hydrophobic and Hydrophilic Interactions Models, Molecular Proteasome Endopeptidase Complex/*metabolism Protein Binding Protein Interaction Domains and Motifs Schizosaccharomyces/*metabolism Schizosaccharomyces pombe Proteins/chemistry/*metabolism Ubiquitin/chemistry/*metabolism},
  type =     {Journal Article},
  url =      {http://www.ncbi.nlm.nih.gov/pubmed/25306921}
}

@article{park09,
   author = {Park, S. and Roelofs, J. and Kim, W. and Robert, J. and Schmidt, M. and Gygi, S. P. and Finley, D.},
   title = {Hexameric assembly of the proteasomal ATPases is templated through their C termini},
   journal = {Nature},
   volume = {459},
   number = {7248},
   pages = {866-70},
   keywords = {Adenosine Triphosphatases/*chemistry/genetics/*metabolism
Molecular Chaperones/metabolism
Proteasome Endopeptidase Complex/*biosynthesis/*chemistry/genetics/metabolism
Saccharomyces cerevisiae/*enzymology/genetics
Saccharomyces cerevisiae Proteins/chemistry/genetics/metabolism},
   ISSN = {1476-4687 (Electronic)
0028-0836 (Linking)},
   DOI = {10.1038/nature08065},
   url = {http://www.ncbi.nlm.nih.gov/pubmed/19412160},
   year = {2009},
   type = {Journal Article}
}

@Article{pathare12,
  author =   {Pathare, G. R. and Nagy, I. and Bohn, S. and Unverdorben, P. and Hubert, A. and Körner, R. and Nickell, S. and Lasker, K. and Sali, A. and Tamura, T. and Nishioka, T. and Förster, F. and Baumeister, W. and Bracher, A.},
  title =    {The proteasomal subunit Rpn6 is a molecular clamp holding the core and regulatory sub-complexes together},
  journal =  {Proc. Natl. Acad. Sci. U.S.A.},
  year =     {2012},
  volume =   {109},
  number =   {1},
  pages =    {149-154},
  doi =      {DOI 10.1073/pnas.1117648108},
  issn =     {0027-8424},
  keywords = {26s proteasome cryoelectron microscopy psmd11 s9 pci domain 26s proteasome saccharomyces-cerevisiae 20s proteasome angstrom resolution functional-analysis crystal-structure complex particle proteins eif3},
  type =     {Journal Article},
  url =      {<Go to ISI>://WOS:000298876500034}
}

@Article{peters91,
  author =   {Peters, J. M. and Harris, J. R. and Kleinschmidt, J. A.},
  title =    {Ultrastructure of the approximately 26S complex containing the approximately 20S cylinder particle (multi-catalytic proteinase/proteasome)},
  journal =  {Eur. J. Cell Biol.},
  year =     {1991},
  volume =   {56},
  number =   {2},
  pages =    {422-432},
  issn =     {0171-9335},
  keywords = {approximately 20s cylinder particle multicatalytic proteinase proteasome approximately 26s ubiquitin-dependent protease molecular-weight proteases mammalian-cells xenopus-laevis shaped miniparticles cultured-cells ubiquitin prosome purification drosophila yeast},
  type =     {Journal Article},
  url =      {<Go to ISI>://WOS:A1991GY63500028}
}

@unpublished{PyMOL,
   author = {Schrodinger, LLC},
   title = {The PyMOL Molecular Graphics System, Version 1.8},
   year = {2015},
   type = {Unpublished Work}
}

@Article{rabl08,
  author =   {Rabl, J. and Smith, D. M. and Yu, Y. and Chang, S. C. and Goldberg, A. L. and Cheng, Y.},
  title =    {Mechanism of gate opening in the 20S proteasome by the proteasomal ATPases},
  journal =  {Mol. Cell},
  year =     {2008},
  volume =   {30},
  number =   {3},
  pages =    {360-368},
  doi =      {DOI 10.1016/j.molcel.2008.03.004},
  issn =     {1097-2765},
  keywords = {activator reg-alpha substrate entry core particle identification resolution pan purification acidophilum regulator channel},
  type =     {Journal Article},
  url =      {<Go to ISI>://WOS:000255761200013}
}

@article{ramos98,
   author = {Ramos, P. C. and Höckendorff, J. and Johnson, E. S. and Varshavsky, A. and Dohmen, R. J.},
   title = {Ump1p is required for proper maturation of the 20S proteasome and becomes its substrate upon completion of the assembly},
   journal = {Cell},
   volume = {92},
   number = {4},
   pages = {489-499},
   keywords = {n-end rule
yeast saccharomyces-cerevisiae
protein-degradation
shuttle vectors
ubiquitin
pathway
subunit
enzyme
gene
construction},
   ISSN = {0092-8674},
   DOI = {Doi 10.1016/S0092-8674(00)80942-3},
   url = {<Go to ISI>://WOS:000072251500009},
   year = {1998},
   type = {Journal Article}
}

@Article{RamosHockendorffJohnsonEtAl1998,
  author =   {Ramos, P. C. and Hockendorff, J. and Johnson, E. S. and Varshavsky, A. and Dohmen, R. J.},
  title =    {Ump1p is required for proper maturation of the 20S proteasome and becomes its substrate upon completion of the assembly},
  journal =  {Cell},
  year =     {1998},
  volume =   {92},
  number =   {4},
  pages =    {489-99},
  issn =     {0092-8674 (Print) 0092-8674 (Linking)},
  keywords = {*Cysteine Endopeptidases Endopeptidases/genetics Fungal Proteins/genetics Gene Expression Regulation, Enzymologic Gene Expression Regulation, Fungal Molecular Chaperones/*genetics/*metabolism Molecular Sequence Data Mutagenesis Proteasome Endopeptidase Complex Protein Precursors/metabolism Saccharomyces cerevisiae/*genetics *Saccharomyces cerevisiae Proteins Sequence Homology, Amino Acid Spores, Fungal/physiology Substrate Specificity Ubiquitins/*metabolism},
  type =     {Journal Article},
  url =      {http://www.ncbi.nlm.nih.gov/pubmed/9491890}
}

@article{ruschak10,
   author = {Ruschak, A. M. and Religa, T. L. and Breuer, S. and Witt, S. and Kay, L. E.},
   title = {The proteasome antechamber maintains substrates in an unfolded state},
   journal = {Nature},
   volume = {467},
   number = {7317},
   pages = {868-871},
   keywords = {side-chain dynamics
20s proteasome
nmr-spectroscopy
folding pathway
methyl-groups
beta-sheet
ww domain
relaxation
protein
mechanism},
   ISSN = {0028-0836},
   DOI = {Doi 10.1038/Nature09444},
   url = {<Go to ISI>://WOS:000282898700072},
   year = {2010},
   type = {Journal Article}
}

@article{russell13,
   author = {Russell, J. D. and Scalf, M. and Book, A. J. and Ladror, D. T. and Vierstra, R. D. and Smith, L. M. and Coon, J. J.},
   title = {Characterization and quantification of intact 26S proteasome proteins by real-time measurement of intrinsic fluorescence prior to top-down mass spectrometry},
   journal = {PLoS One},
   volume = {8},
   number = {3},
   pages = {e58157},
   keywords = {Amino Acid Sequence
Arabidopsis/chemistry
Arabidopsis Proteins/analysis/chemistry
Carrier Proteins/analysis/chemistry
Fluorescence
*Mass Spectrometry/methods
Proteasome Endopeptidase Complex/analysis/*chemistry
Proteins/analysis/*chemistry
Reproducibility of Results
Tandem Mass Spectrometry},
   ISSN = {1932-6203 (Electronic)
1932-6203 (Linking)},
   DOI = {10.1371/journal.pone.0058157},
   url = {http://www.ncbi.nlm.nih.gov/pubmed/23536786},
   year = {2013},
   type = {Journal Article}
}

@Article{sadre-bazzaz10,
  author =   {Sadre-Bazzaz, K. and Whitby, F. G. and Robinson, H. and Formosa, T. and Hill, C. P.},
  title =    {Structure of a Blm10 complex reveals common mechanisms for proteasome binding and gate opening},
  journal =  {Mol. Cell},
  year =     {2010},
  volume =   {37},
  number =   {5},
  pages =    {728-735},
  doi =      {DOI 10.1016/j.molcel.2010.02.002},
  issn =     {1097-2765},
  keywords = {20s proteasome angstrom resolution activator pa200 s-proteasome yeast conformation acidophilum atpases subunit termini},
  type =     {Journal Article},
  url =      {<Go to ISI>://WOS:000275702500016}
}

@article{saeki09,
   author = {Saeki, Y. and Toh, E. A. and Kudo, T. and Kawamura, H. and Tanaka, K.},
   title = {Multiple proteasome-interacting proteins assist the assembly of the yeast 19S regulatory particle},
   journal = {Cell},
   volume = {137},
   number = {5},
   pages = {900-13},
   keywords = {Humans
Molecular Chaperones/metabolism
Proteasome Endopeptidase Complex/*metabolism
Proto-Oncogene Proteins/metabolism
Saccharomyces cerevisiae/metabolism
Saccharomyces cerevisiae Proteins/metabolism},
   ISSN = {1097-4172 (Electronic)
0092-8674 (Linking)},
   DOI = {10.1016/j.cell.2009.05.005},
   url = {http://www.ncbi.nlm.nih.gov/pubmed/19446323},
   year = {2009},
   type = {Journal Article}
}

@Article{sakata11,
  author =   {Sakata, E. and Stengel, F. and Fukunaga, K. and Zhou, M. and Saeki, Y. and Förster, F. and Baumeister, W. and Tanaka, K. and Robinson, C. V.},
  title =    {The catalytic activity of Ubp6 enhances maturation of the proteasomal regulatory particle},
  journal =  {Mol. Cell},
  year =     {2011},
  volume =   {42},
  number =   {5},
  pages =    {637-649},
  doi =      {DOI 10.1016/j.molcel.2011.04.021},
  issn =     {1097-2765},
  keywords = {human 26s proteasome mass-spectrometry protein complexes macromolecular assemblies subunit architecture 20s proteasome pathway identification binding destruction},
  type =     {Journal Article},
  url =      {<Go to ISI>://WOS:000291670600012}
}

@Article{sakata12,
  author =   {Sakata, E. and Bohn, S. and Mihalache, O. and Kiss, P. and Beck, F. and Nagy, I. and Nickell, S. and Tanaka, K. and Saeki, Y. and Förster, F. and Baumeister, W.},
  title =    {Localization of the proteasomal ubiquitin receptors Rpn10 and Rpn13 by electron cryo-microscopy},
  journal =  {Proc. Natl. Acad. Sci. U.S.A.},
  year =     {2012},
  volume =   {109},
  number =   {5},
  pages =    {1479-1484},
  doi =      {DOI 10.1073/pnas.1119394109},
  issn =     {0027-8424},
  keywords = {em single-particle analysis protein degradation ubiquitin-proteasome pathway subunit localization quantitative mass spectrometry 26s proteasome regulatory particle methanocaldococcus-jannaschii deubiquitinating enzyme polyubiquitin chains binding protein uba domains subunit complex identification},
  type =     {Journal Article},
  url =      {<Go to ISI>://WOS:000299731400034}
}

@Article{samach99,
  author =   {Samach, A. and Klenz, J. E. and Kohalmi, S. E. and Risseeuw, E. and Haughn, G. W. and Crosby, W. L.},
  title =    {The UNUSUAL FLORAL ORGANS gene of Arabidopsis thaliana is an F-box protein required for normal patterning and growth in the floral meristem},
  journal =  {Plant J.},
  year =     {1999},
  volume =   {20},
  number =   {4},
  pages =    {433-45},
  issn =     {0960-7412 (Print) 0960-7412 (Linking)},
  keywords = {Amino Acid Sequence Arabidopsis/*genetics/growth \& development *Arabidopsis Proteins Base Sequence DNA Primers Gene Expression Regulation, Developmental Gene Expression Regulation, Plant Humans In Situ Hybridization Molecular Sequence Data Mutation Plant Proteins/*genetics/metabolism Sequence Homology, Amino Acid *Transcription Factors},
  type =     {Journal Article},
  url =      {http://www.ncbi.nlm.nih.gov/pubmed/10607296}
}

@Article{santner10,
  author =   {Santner, A. and Estelle, M.},
  title =    {The ubiquitin-proteasome system regulates plant hormone signaling},
  journal =  {Plant J.},
  year =     {2010},
  volume =   {61},
  number =   {6},
  pages =    {1029-40},
  doi =      {10.1111/j.1365-313X.2010.04112.x},
  issn =     {1365-313X (Electronic) 0960-7412 (Linking)},
  keywords = {Plant Growth Regulators/*physiology Plants/*metabolism Proteasome Endopeptidase Complex/*physiology Protein Processing, Post-Translational Ubiquitin/*physiology Ubiquitin-Protein Ligases/physiology Ubiquitination},
  type =     {Journal Article},
  url =      {http://www.ncbi.nlm.nih.gov/pubmed/20409276}
}

@article{satoh14,
   author = {Satoh, T. and Saeki, Y. and Hiromoto, T. and Wang, Y. H. and Uekusa, Y. and Yagi, H. and Yoshihara, H. and Yagi-Utsumi, M. and Mizushima, T. and Tanaka, K. and Kato, K.},
   title = {Structural basis for proteasome formation controlled by an assembly chaperone nas2},
   journal = {Structure},
   volume = {22},
   number = {5},
   pages = {731-43},
   keywords = {Adenosine Triphosphatases/*chemistry/genetics/*metabolism
Crystallography, X-Ray
Models, Molecular
Molecular Chaperones/chemistry/metabolism
Mutation
PDZ Domains
Proteasome Endopeptidase Complex/*metabolism
Protein Structure, Tertiary
Saccharomyces cerevisiae Proteins/*chemistry/genetics/*metabolism
Surface Plasmon Resonance},
   ISSN = {1878-4186 (Electronic)
0969-2126 (Linking)},
   DOI = {10.1016/j.str.2014.02.014},
   url = {http://www.ncbi.nlm.nih.gov/pubmed/24685148},
   year = {2014},
   type = {Journal Article}
}

@Article{schellenberg10,
  author =   {Schellenberg, B. and Ramel, C. and Dudler, R.},
  title =    {Pseudomonas syringae virulence factor syringolin A counteracts stomatal immunity by proteasome inhibition},
  journal =  {Mol. Plant. Microbe Interact.},
  year =     {2010},
  volume =   {23},
  number =   {10},
  pages =    {1287-93},
  doi =      {10.1094/MPMI-04-10-0094},
  issn =     {0894-0282 (Print) 0894-0282 (Linking)},
  keywords = {Arabidopsis/microbiology Host-Pathogen Interactions Peptides, Cyclic/genetics/*metabolism Phaseolus/*microbiology Plant Diseases/immunology/*microbiology Plant Stomata Proteasome Endopeptidase Complex/*metabolism Pseudomonas syringae/*metabolism},
  type =     {Journal Article},
  url =      {http://www.ncbi.nlm.nih.gov/pubmed/20831408}
}

@Article{schliephacke91,
  author =   {Schliephacke, M. and Kremp, A. and Schmid, H. P. and Köhler, K. and Kull, U.},
  title =    {Prosomes (proteasomes) of higher plants},
  journal =  {Eur. J. Cell Biol.},
  year =     {1991},
  volume =   {55},
  number =   {1},
  pages =    {114-121},
  issn =     {0171-9335},
  keywords = {prosomes proteasomes multicatalytic protease serological relationship glycoproteins multicatalytic proteinase cylinder particles mammalian-cells skeletal-muscle xenopus-laevis drosophila complex rna glycosylation purification},
  type =     {Journal Article},
  url =      {<Go to ISI>://WOS:A1991FU93800011}
}

@Article{schmid84,
  author =  {Schmid, H. P. and Akhayat, O. and Martins, C. and Puvion, F. and Köhler, K. and Scherrer, K.},
  title =   {The prosome: a ubiquitous morphologically distinct RNP particle associated with repressed mRNPs and containing specific scRNA and a characteristic set of proteins},
  journal = {EMBO J.},
  year =    {1984},
  volume =  {3},
  number =  {1},
  pages =   {29-34},
  issn =    {0261-4189},
  type =    {Journal Article},
  url =     {<Go to ISI>://WOS:A1984RZ48900005}
}

@Article{schmidt05,
  author =   {Schmidt, M. and Haas, W. and Crosas, B. and Santamaria, P. G. and Gygi, S. P. and Walz, T. and Finley, D.},
  title =    {The HEAT repeat protein Blm10 regulates the yeast proteasome by capping the core particle},
  journal =  {Nat. Struct. Mol. Biol.},
  year =     {2005},
  volume =   {12},
  number =   {4},
  pages =    {294-303},
  doi =      {DOI 10.1038/nsmb914},
  issn =     {1545-9985},
  keywords = {saccharomyces-cerevisiae 26s proteasome hybrid proteasomes gene disruption 20s proteasomes activator pa28 degradation ubiquitin complex expression},
  type =     {Journal Article},
  url =      {<Go to ISI>://WOS:000228126200009}
}

@article{schreiner08,
   author = {Schreiner, P. and Chen, X. and Husnjak, K. and Randles, L. and Zhang, N. and Elsasser, S. and Finley, D. and Dikic, I. and Walters, K. J. and Groll, M.},
   title = {Ubiquitin docking at the proteasome through a novel pleckstrin-homology domain interaction},
   journal = {Nature},
   volume = {453},
   number = {7194},
   pages = {548-552},
   keywords = {deubiquitinating enzyme
structural basis
multiubiquitin chain
protein interactome
eap45-glue domain
recognition
degradation
complex
binding
subunit},
   ISSN = {0028-0836},
   DOI = {Doi 10.1038/Nature06924},
   url = {<Go to ISI>://WOS:000256023700048},
   year = {2008},
   type = {Journal Article}
}

@Article{shabek14,
  author =  {Shabek, Nitzan and Zheng, Ning},
  title =   {Plant ubiquitin ligases as signaling hubs},
  journal = {Nat. Struct. Mol. Biol.},
  year =    {2014},
  volume =  {21},
  number =  {4},
  pages =   {293-296},
  doi =     {10.1038/nsmb.2804},
  issn =    {1545-9993 1545-9985},
  type =    {Journal Article}
}

@Article{shanklin87,
  author =  {Shanklin, J. and Jabben, M. and Vierstra, R. D.},
  title =   {Red light-induced formation of ubiquitin-phytochrome conjugates: identification of possible intermediates of phytochrome degradation},
  journal = {Proc. Natl. Acad. Sci. U.S.A.},
  year =    {1987},
  volume =  {84},
  number =  {2},
  pages =   {359-363},
  doi =     {DOI 10.1073/pnas.84.2.359},
  issn =    {0027-8424},
  type =    {Journal Article},
  url =     {<Go to ISI>://WOS:A1987F689000009}
}

@article{shi16,
   author = {Shi, Y. and Chen, X. and Elsasser, S. and Stocks, B. B. and Tian, G. and Lee, B. H. and Shi, Y. and Zhang, N. and de Poot, S. A. and Tuebing, F. and Sun, S. and Vannoy, J. and Tarasov, S. G. and Engen, J. R. and Finley, D. and Walters, K. J.},
   title = {Rpn1 provides adjacent receptor sites for substrate binding and deubiquitination by the proteasome},
   journal = {Science},
   volume = {351},
   number = {6275},
   keywords = {DNA-Binding Proteins/metabolism
Endopeptidases/metabolism
Metabolic Networks and Pathways
Models, Molecular
Mutation
Proteasome Endopeptidase Complex/chemistry/genetics/*metabolism
Saccharomyces cerevisiae/*metabolism
Saccharomyces cerevisiae Proteins/*chemistry/genetics/*metabolism
Ubiquitin-Specific Proteases/metabolism
Ubiquitination},
   ISSN = {1095-9203 (Electronic)
0036-8075 (Linking)},
   DOI = {10.1126/science.aad9421},
   url = {http://www.ncbi.nlm.nih.gov/pubmed/26912900},
   year = {2016},
   type = {Journal Article}
}

@Article{shibahara04,
  author =   {Shibahara, T. and Kawasaki, H. and Hirano, H.},
  title =    {Mass spectrometric analysis of expression of ATPase subunits encoded by duplicated genes in the 19S regulatory particle of rice 26S proteasome},
  journal =  {Arch. Biochem. Biophys.},
  year =     {2004},
  volume =   {421},
  number =   {1},
  pages =    {34-41},
  issn =     {0003-9861 (Print) 0003-9861 (Linking)},
  keywords = {Adenosine Triphosphatases/*biosynthesis/chemistry/*genetics Amino Acid Sequence Endopeptidases/*biosynthesis/chemistry/*genetics Gene Components/genetics Gene Duplication Genes/genetics Isoenzymes/biosynthesis/chemistry/genetics Molecular Sequence Data Oryza/*enzymology/*genetics Proteasome Endopeptidase Complex Protein Subunits Spectrometry, Mass, Electrospray Ionization/methods},
  type =     {Journal Article},
  url =      {http://www.ncbi.nlm.nih.gov/pubmed/14678782}
}

@Article{skoda92,
  author =   {Skoda, B. and Malek, L.},
  title =    {Dry pea seed proteasome: purification and enzymatic activities},
  journal =  {Plant Physiol.},
  year =     {1992},
  volume =   {99},
  number =   {4},
  pages =    {1515-1519},
  doi =      {Doi 10.1104/Pp.99.4.1515},
  issn =     {0032-0889},
  keywords = {heat-shock multicatalytic proteinase ubiquitin complex yeast chlamydomonas degradation temperature drosophila particles},
  type =     {Journal Article},
  url =      {<Go to ISI>://WOS:A1992JK72300039}
}

@Article{smalle04,
  author =   {Smalle, J. A. and Vierstra, R. D.},
  title =    {The ubiquitin-26S proteasome proteolytic pathway},
  journal =  {Annu. Rev. Plant Biol.},
  year =     {2004},
  volume =   {55},
  pages =    {555-590},
  doi =      {DOI 10.1146/annurev.arplant.55.031903.141801},
  issn =     {1040-2519},
  keywords = {proteolysis arabidopsis cell regulation polypeptide tags f-box protein n-end rule multiubiquitin chain binding anaphase-promoting complex plant-cell cycle arabidopsis-thaliana cop9 signalosome regulatory particle 20s proteasome disease resistance},
  type =     {Journal Article},
  url =      {<Go to ISI>://WOS:000222766000022}
}

@Article{smith05,
  author =   {Smith, D. M. and Kafri, G. and Cheng, Y. and Ng, D. and Walz, T. and Goldberg, A. L.},
  title =    {ATP binding to PAN or the 26S ATPases causes association with the 20S proteasome, gate opening, and translocation of unfolded proteins},
  journal =  {Mol. Cell},
  year =     {2005},
  volume =   {20},
  number =   {5},
  pages =    {687-698},
  doi =      {DOI 10.1016/j.molcel.2005.10.019},
  issn =     {1097-2765},
  keywords = {regulatory particle escherichia-coli core particle proteolytic activity degradation complex hydrolysis ubiquitin ratchet site},
  type =     {Journal Article},
  url =      {<Go to ISI>://WOS:000234033400007}
}

@Article{sokolova15,
  author =   {Sokolova, V. and Li, F. and Polovin, G. and Park, S.},
  title =    {Proteasome Activation is Mediated via a Functional Switch of the Rpt6 C-terminal Tail Following Chaperone-dependent Assembly},
  journal =  {Sci. Rep.},
  year =     {2015},
  volume =   {5},
  pages =    {14909},
  doi =      {10.1038/srep14909},
  issn =     {2045-2322 (Electronic) 2045-2322 (Linking)},
  keywords = {Adenosine Triphosphatases/chemistry/genetics/*metabolism Binding Sites/genetics Immunoblotting Models, Molecular Molecular Chaperones/chemistry/genetics/*metabolism Mutation Proteasome Endopeptidase Complex/chemistry/genetics/*metabolism Protein Binding Protein Structure, Tertiary Saccharomyces cerevisiae/genetics/growth \& development/metabolism Saccharomyces cerevisiae Proteins/chemistry/genetics/*metabolism Temperature Ubiquitinated Proteins/metabolism},
  type =     {Journal Article},
  url =      {http://www.ncbi.nlm.nih.gov/pubmed/26449534}
}

@Article{stadtmueller12,
  author =   {Stadtmueller, B. M. and Kish-Trier, E. and Ferrell, K. and Petersen, C. N. and Robinson, H. and Myszka, D. G. and Eckert, D. M. and Formosa, T. and Hill, C. P.},
  title =    {Structure of a proteasome Pba1-Pba2 complex: implications for proteasome assembly, activation, and biological function},
  journal =  {J. Biol. Chem.},
  year =     {2012},
  volume =   {287},
  number =   {44},
  pages =    {37371-82},
  doi =      {10.1074/jbc.M112.367003},
  issn =     {1083-351X (Electronic) 0021-9258 (Linking)},
  keywords = {Amino Acid Motifs Amino Acid Sequence Crystallography, X-Ray Hydrogen Bonding Immobilized Proteins/chemistry Leupeptins/chemistry Mitochondria/metabolism/physiology Models, Molecular Molecular Sequence Data Proteasome Endopeptidase Complex/*chemistry/metabolism Proteasome Inhibitors/chemistry Protein Binding Protein Interaction Domains and Motifs Protein Structure, Quaternary Saccharomyces cerevisiae/enzymology/*metabolism/physiology Saccharomyces cerevisiae Proteins/*chemistry/metabolism},
  type =     {Journal Article},
  url =      {http://www.ncbi.nlm.nih.gov/pubmed/22930756}
}

@article{stone03,
   author = {Stone, S. L. and Anderson, E. M. and Mullen, R. T. and Goring, D. R.},
   title = {ARC1 is an E3 ubiquitin ligase and promotes the ubiquitination of proteins during the rejection of self-incompatible Brassica pollen},
   journal = {Plant Cell},
   volume = {15},
   number = {4},
   pages = {885-98},
   keywords = {Arabidopsis Proteins/genetics/metabolism
Brassica/*enzymology/genetics/growth \& development
Carrier Proteins/genetics/*metabolism
Cells, Cultured
Endoplasmic Reticulum/metabolism
Fertility
Green Fluorescent Proteins
Ligases/*metabolism
Luminescent Proteins/genetics/metabolism
Microscopy, Fluorescence
Plant Proteins/genetics/metabolism
Plants, Genetically Modified
Pollen/*enzymology/growth \& development
Protein Kinases/genetics/metabolism
Recombinant Fusion Proteins/genetics/metabolism
Tobacco/genetics/metabolism
Ubiquitin-Protein Ligases
Ubiquitins/biosynthesis},
   ISSN = {1040-4651 (Print)
1040-4651 (Linking)},
   url = {http://www.ncbi.nlm.nih.gov/pubmed/12671085},
   year = {2003},
   type = {Journal Article}
}

@Article{tomko11,
  author =   {Tomko, R. J., Jr. and Hochstrasser, M.},
  title =    {Incorporation of the Rpn12 subunit couples completion of proteasome regulatory particle lid assembly to lid-base joining},
  journal =  {Mol. Cell},
  year =     {2011},
  volume =   {44},
  number =   {6},
  pages =    {907-17},
  doi =      {10.1016/j.molcel.2011.11.020},
  issn =     {1097-4164 (Electronic) 1097-2765 (Linking)},
  keywords = {Models, Molecular Mutation Proteasome Endopeptidase Complex/*chemistry/genetics/*metabolism Protein Subunits/*metabolism Saccharomyces cerevisiae/*enzymology Saccharomyces cerevisiae Proteins/genetics/*metabolism},
  type =     {Journal Article},
  url =      {http://www.ncbi.nlm.nih.gov/pubmed/22195964}
}

@Article{tomko13,
  author =   {Tomko, R. J. and Hochstrasser, M.},
  title =    {Molecular architecture and assembly of the eukaryotic proteasome},
  journal =  {Annu. Rev. Biochem.},
  year =     {2013},
  volume =   {82},
  pages =    {415-445},
  doi =      {DOI 10.1146/annurev-biochem-060410-150257},
  issn =     {0066-4154},
  keywords = {proteasome ubiquitin assembly atpase deubiquitylation proteolysis yeast 26s proteasome 19s regulatory particle mammalian 20s proteasomes 2.75 angstrom resolution s-proteasome saccharomyces-cerevisiae core particle structural basis methanocaldococcus-jannaschii precursor complexes},
  type =     {Journal Article},
  url =      {<Go to ISI>://WOS:000321698100015}
}

@Article{tomko14,
  author =   {Tomko, R. J., Jr. and Hochstrasser, M.},
  title =    {The intrinsically disordered Sem1 protein functions as a molecular tether during proteasome lid biogenesis},
  journal =  {Mol. Cell},
  year =     {2014},
  volume =   {53},
  number =   {3},
  pages =    {433-43},
  doi =      {10.1016/j.molcel.2013.12.009},
  issn =     {1097-4164 (Electronic) 1097-2765 (Linking)},
  keywords = {Amino Acid Sequence Binding Sites Models, Biological Molecular Sequence Data Proteasome Endopeptidase Complex/*biosynthesis/chemistry/metabolism/physiology Saccharomyces cerevisiae/*metabolism Saccharomyces cerevisiae Proteins/chemistry/metabolism/*physiology Sequence Alignment},
  type =     {Journal Article},
  url =      {http://www.ncbi.nlm.nih.gov/pubmed/24412063}
}

@Article{uechi14,
  author =   {Uechi, H. and Hamazaki, J. and Murata, S.},
  title =    {Characterization of the testis-specific proteasome subunit alpha4s in mammals},
  journal =  {J. Biol. Chem.},
  year =     {2014},
  volume =   {289},
  number =   {18},
  pages =    {12365-74},
  doi =      {10.1074/jbc.M114.558866},
  issn =     {1083-351X (Electronic) 0021-9258 (Linking)},
  keywords = {Amino Acid Sequence Animals Blotting, Western Cells, Cultured Cysteine Endopeptidases/chemistry/genetics/*metabolism Gene Expression HEK293 Cells Humans Male Meiosis Mice Mice, Inbred C57BL Mice, Inbred ICR Models, Molecular Molecular Sequence Data Oligopeptides/pharmacology Proteasome Inhibitors/pharmacology Protein Conformation Protein Subunits/genetics/metabolism RNA Interference Reverse Transcriptase Polymerase Chain Reaction Sequence Homology, Amino Acid Spermatozoa/cytology/drug effects/enzymology Testis/cytology/*enzymology Proteasome Sperm Spermatogenesis Testis Ubiquitin},
  type =     {Journal Article},
  url =      {http://www.ncbi.nlm.nih.gov/pubmed/24668818}
}

@Article{unverdorben14,
  author =   {Unverdorben, P. and Beck, F. and Śledź, P. and Schweitzer, A. and Pfeifer, G. and Plitzko, J. M. and Baumeister, W. and Förster, F.},
  title =    {Deep classification of a large cryo-EM dataset defines the conformational landscape of the 26S proteasome},
  journal =  {Proc. Natl. Acad. Sci. U.S.A.},
  year =     {2014},
  volume =   {111},
  number =   {15},
  pages =    {5544-5549},
  doi =      {DOI 10.1073/pnas.1403409111},
  issn =     {0027-8424},
  keywords = {conformational switching proteolysis proteostasis quality control atp-fueled machines regulatory particle molecular architecture crystal-structure 20s proteasome s proteasome resolution translocation degradation insights},
  type =     {Journal Article},
  url =      {<Go to ISI>://WOS:000334288600036}
}

@Article{van96,
  author =   {Van Nocker, S. and Deveraux, Q. and Rechsteiner, M. and Vierstra, R. D.},
  title =    {The Arabidopsis MBP1 gene encodes a conserved ubiquitin recognition component of the 26S proteasome},
  journal =  {Proc. Natl. Acad. Sci. U.S.A.},
  year =     {1996},
  volume =   {93},
  number =   {2},
  pages =    {856-860},
  doi =      {DOI 10.1073/pnas.93.2.856},
  issn =     {0027-8424},
  keywords = {protein degradation proteolysis inhibitor protein interaction human multiubiquitin chain carrier protein invivo degradation lysine-48 pathway},
  type =     {Journal Article},
  url =      {<Go to ISI>://WOS:A1996TR32600062}
}

@article{verma02,
   author = {Verma, R. and Aravind, L. and Oania, R. and McDonald, W. H. and Yates, J. R. and Koonin, E. V. and Deshaies, R. J.},
   title = {Role of the Rpn11 metalloprotease in deubiquitination and degradation by the 26S proteasome},
   journal = {Science},
   volume = {298},
   number = {5593},
   pages = {611-615},
   keywords = {s-phase
ubiquitin
yeast
gene
signal
transcription
proteolysis
recognition
activation
particle},
   ISSN = {0036-8075},
   DOI = {DOI 10.1126/science.1075898},
   url = {<Go to ISI>://WOS:000178634800044},
   year = {2002},
   type = {Journal Article}
}

@Article{vierstra09,
  author =   {Vierstra, R. D.},
  title =    {The ubiquitin-26S proteasome system at the nexus of plant biology},
  journal =  {Nat. Rev. Mol. Cell Biol.},
  year =     {2009},
  volume =   {10},
  number =   {6},
  pages =    {385-397},
  doi =      {Doi 10.1038/Nrm2688},
  issn =     {1471-0072},
  keywords = {f-box proteins 26s proteasome arabidopsis-thaliana gene family self-incompatibility auxin receptor ethylene biosynthesis gibberellin receptor rapid degradation cop9 signalosome},
  type =     {Journal Article},
  url =      {<Go to ISI>://WOS:000266270900013}
}

@Article{vierstra88,
  author =  {Vierstra, R. D. and Sullivan, M. L.},
  title =   {Hemin inhibits ubiquitin-dependent proteolysis in both a higher plant and yeast},
  journal = {Biochemistry (Mosc.)},
  year =    {1988},
  volume =  {27},
  number =  {9},
  pages =   {3290-3295},
  doi =     {Doi 10.1021/Bi00409a025},
  issn =    {0006-2960},
  type =    {Journal Article},
  url =     {<Go to ISI>://WOS:A1988N345400025}
}

@Article{vierstra93,
  author =   {Vierstra, R. D.},
  title =    {Protein degradation in plants},
  journal =  {Annu. Rev. Plant Phys.},
  year =     {1993},
  volume =   {44},
  pages =    {385-410},
  doi =      {DOI 10.1146/annurev.arplant.44.1.385},
  issn =     {0066-4294},
  keywords = {proteolysis ubiquitin arabidopsis cell regulation biotechnology ubiquitin-activating enzyme n-end rule cycle mutant ts85 saccharomyces-cerevisiae abnormal proteins escherichia-coli arabidopsis-thaliana polyubiquitin gene conjugating enzyme pea-chloroplasts},
  type =     {Journal Article},
  url =      {<Go to ISI>://WOS:A1993LE09000017}
}

@Article{wani16,
  author =  {Wani, P. S. and Suppahia, A. and Capalla, X. and Ondracek, A. and Roelofs, J.},
  title =   {Phosphorylation of the C-terminal tail of proteasome subunit alpha7 is required for binding of the proteasome quality control factor Ecm29},
  journal = {Sci. Rep.},
  year =    {2016},
  volume =  {6},
  pages =   {27873},
  doi =     {10.1038/srep27873},
  issn =    {2045-2322 (Electronic) 2045-2322 (Linking)},
  type =    {Journal Article},
  url =     {http://www.ncbi.nlm.nih.gov/pubmed/27302526}
}

@Article{waxman87,
  author =  {Waxman, L. and Fagan, J. M. and Goldberg, A. L.},
  title =   {Demonstration of two distinct high molecular weight proteases in rabbit reticulocytes, one of which degrades ubiquitin conjugates},
  journal = {J. Biol. Chem.},
  year =    {1987},
  volume =  {262},
  number =  {6},
  pages =   {2451-2457},
  issn =    {0021-9258},
  type =    {Journal Article},
  url =     {<Go to ISI>://WOS:A1987G187400005}
}

@Article{weberruss13,
  author =   {Weberruss, M. H. and Savulescu, A. F. and Jando, J. and Bissinger, T. and Harel, A. and Glickman, M. H. and Enenkel, C.},
  title =    {Blm10 facilitates nuclear import of proteasome core particles},
  journal =  {EMBO J.},
  year =     {2013},
  volume =   {32},
  number =   {20},
  pages =    {2697-2707},
  doi =      {DOI 10.1038/emboj.2013.192},
  issn =     {0261-4189},
  keywords = {blm10 nuclear import proteasome activator protein aggregation quiescence thermoplasma 20s proteasomes heat-repeat protein nucleocytoplasmic transport saccharomyces-cerevisiae angstrom resolution 26s proteasome pore complex yeast beta activator},
  type =     {Journal Article},
  url =      {<Go to ISI>://WOS:000325714100006}
}

@Article{wilkinson80,
  author =  {Wilkinson, K. D. and Urban, M. K. and Haas, A. L.},
  title =   {Ubiquitin is the ATP-dependent proteolysis factor I of rabbit reticulocytes},
  journal = {J. Biol. Chem.},
  year =    {1980},
  volume =  {255},
  number =  {16},
  pages =   {7529-7532},
  issn =    {0021-9258},
  type =    {Journal Article},
  url =     {<Go to ISI>://WOS:A1980KF60600008}
}

@Article{witt00,
  author =   {Witt, E. and Zantopf, D. and Schmidt, M. and Kraft, R. and Kloetzel, P. M. and Kruger, E.},
  title =    {Characterisation of the newly identified human Ump1 homologue POMP and analysis of LMP7(beta 5i) incorporation into 20 S proteasomes},
  journal =  {J. Mol. Biol.},
  year =     {2000},
  volume =   {301},
  number =   {1},
  pages =    {1-9},
  doi =      {10.1006/jmbi.2000.3959},
  issn =     {0022-2836 (Print) 0022-2836 (Linking)},
  keywords = {Amino Acid Sequence Amino Acid Substitution/genetics Blotting, Western Cell Line Cloning, Molecular Cysteine Endopeptidases/*chemistry/*metabolism Humans Interferon-gamma/pharmacology Molecular Chaperones/*chemistry/genetics Molecular Sequence Data Multienzyme Complexes/*chemistry/*metabolism Mutation/genetics Proteasome Endopeptidase Complex Protein Processing, Post-Translational Proteins/chemistry/genetics/*metabolism RNA, Messenger/genetics/metabolism Sequence Alignment Sequence Homology, Amino Acid Up-Regulation/drug effects},
  type =     {Journal Article},
  url =      {http://www.ncbi.nlm.nih.gov/pubmed/10926487}
}

@Article{woffenden98,
  author =   {Woffenden, B. J. and Freeman, T. B. and Beers, E. P.},
  title =    {Proteasome inhibitors prevent tracheary element differentiation in Zinnia mesophyll cell cultures},
  journal =  {Plant Physiol.},
  year =     {1998},
  volume =   {118},
  number =   {2},
  pages =    {419-429},
  doi =      {Doi 10.1104/Pp.118.2.419},
  issn =     {0032-0889},
  keywords = {suspension-cultures ubiquitin pathway elegans l in-vitro death protein degradation activation plant induction},
  type =     {Journal Article},
  url =      {<Go to ISI>://WOS:000076403300009}
}

@Article{worden14,
  author =   {Worden, E. J. and Padovani, C. and Martin, A.},
  title =    {Structure of the Rpn11-Rpn8 dimer reveals mechanisms of substrate deubiquitination during proteasomal degradation},
  journal =  {Nat. Struct. Mol. Biol.},
  year =     {2014},
  volume =   {21},
  number =   {3},
  pages =    {220-227},
  doi =      {DOI 10.1038/nsmb.2771},
  issn =     {1545-9993},
  keywords = {26s proteasome regulatory particle functional asymmetries polyubiquitin recognition domain resolution complexes proteins subunit},
  type =     {Journal Article},
  url =      {<Go to ISI>://WOS:000332594900003}
}

@Article{xie00,
  author =   {Xie, Y. and Varshavsky, A.},
  title =    {Physical association of ubiqutin ligases and the 26S proteasome},
  journal =  {Proc. Natl. Acad. Sci. U.S.A.},
  year =     {2000},
  volume =   {97},
  number =   {6},
  pages =    {2497-2502},
  doi =      {DOI 10.1073/pnas.060025497},
  issn =     {0027-8424},
  keywords = {e3 n-end rule ubiquitin fusion degradation pathway ubr1p ufd4p n-end rule saccharomyces-cerevisiae proteasome regulatory particle multiubiquitin-chain degradation signal ubiquitin pathway protein component},
  type =     {Journal Article},
  url =      {<Go to ISI>://WOS:000085941400019}
}

@Article{yanagawa99,
  author =   {Yanagawa, Y. and Ohhashi, A. and Murakami, Y. and Saeki, Y. and Yokosawa, H. and Tanaka, K. and Hashimoto, J. and Sato, T. and Nakagawa, H.},
  title =    {Purification and characterization of the 26S proteasome from cultured rice (Oryza sativa) cells},
  journal =  {Plant Sci.},
  year =     {1999},
  volume =   {149},
  number =   {1},
  pages =    {33-41},
  doi =      {Doi 10.1016/S0168-9452(99)00140-5},
  issn =     {0168-9452},
  keywords = {26s proteasome 20s proteasome rice (oryza sativa l.) tat-binding protein ornithine decarboxylase arabidopsis-thaliana molecular characterization regulatory particle spinacia-oleracea ubiquitin system 26-s proteasome gene family alpha-type},
  type =     {Journal Article},
  url =      {<Go to ISI>://WOS:000083652500004}
}

@Article{yang04,
  author =   {Yang, P. and Fu, H. and Walker, J. M. and Papa, C. M. and Smalle, J. and Ju, Y. M. and Vierstra, R. D.},
  title =    {Purification of the Arabidopsis 26S proteasome: biochemical and molecular analyses revealed the presence of multiple isoforms},
  journal =  {J. Biol. Chem.},
  year =     {2004},
  volume =   {279},
  number =   {8},
  pages =    {6401-6413},
  doi =      {DOI 10.1074/jbc.M311977200},
  issn =     {0021-9258},
  keywords = {regulatory particle subunits multiubiquitin-chain-binding rabbit reticulocyte lysate yeast 26s proteasome saccharomyces-cerevisiae 20s proteasome cell-cycle functional-characterization deubiquitinating enzyme dependent proteolysis},
  type =     {Journal Article},
  url =      {<Go to ISI>://WOS:000188969200026}
}

@Article{yashiroda08,
  author =   {Yashiroda, H. and Mizushima, T. and Okamoto, K. and Kameyama, T. and Hayashi, H. and Kishimoto, T. and Niwa, S. and Kasahara, M. and Kurimoto, E. and Sakata, E. and Takagi, K. and Suzuki, A. and Hirano, Y. and Murata, S. and Kato, K. and Yamane, T. and Tanaka, K.},
  title =    {Crystal structure of a chaperone complex that contributes to the assembly of yeast 20S proteasomes},
  journal =  {Nat. Struct. Mol. Biol.},
  year =     {2008},
  volume =   {15},
  number =   {3},
  pages =    {228-36},
  doi =      {10.1038/nsmb.1386},
  issn =     {1545-9985 (Electronic) 1545-9985 (Linking)},
  keywords = {Crystallography, X-Ray Enzyme Precursors/metabolism Molecular Chaperones/*chemistry/metabolism Multienzyme Complexes/chemistry/isolation \& purification/metabolism Mutant Proteins/chemistry/isolation \& purification/metabolism Mutation/genetics Proteasome Endopeptidase Complex/chemistry/*metabolism Protein Binding Protein Structure, Secondary Saccharomyces cerevisiae/cytology/*enzymology Saccharomyces cerevisiae Proteins/*chemistry/metabolism Structural Homology, Protein},
  type =     {Journal Article},
  url =      {http://www.ncbi.nlm.nih.gov/pubmed/18278057}
}

@Article{yoshimura93,
  author =   {Yoshimura, T. and Kameyama, K. and Takagi, T. and Ikai, A. and Tokunaga, F. and Koide, T. and Tanahashi, N. and Tamura, T. and Cejka, Z. and Baumeister, W. and Tanaka, K. and Ichihara, A.},
  title =    {Molecular characterization of the 26S proteasome complex from rat liver},
  journal =  {J. Struct. Biol.},
  year =     {1993},
  volume =   {111},
  number =   {3},
  pages =    {200-211},
  doi =      {DOI 10.1006/jsbi.1993.1050},
  issn =     {1047-8477},
  keywords = {rabbit reticulocyte lysate n-end rule multicatalytic proteinase cdna cloning hepatoma-cells multifunctional proteinase thermoplasma-acidophilum proteolytic complex dependent proteases weight proteases},
  type =     {Journal Article},
  url =      {<Go to ISI>://WOS:A1993NG94800004}
}

@Article{zhang09,
  author =  {Zhang, Yijing and Zhao, Zhonghua and Xue, Yongbiao},
  title =   {Roles of Proteolysis in Plant Self-Incompatibility},
  journal = {Annu. Rev. Plant Biol.},
  year =    {2009},
  volume =  {60},
  number =  {1},
  pages =   {21-42},
  doi =     {10.1146/annurev.arplant.043008.092108},
  issn =    {1543-5008 1545-2123},
  type =    {Journal Article}
}

@Article{zhao10,
  author =   {Zhao, L. and Huang, J. and Zhao, Z. and Li, Q. and Sims, T. L. and Xue, Y.},
  title =    {The Skp1-like protein SSK1 is required for cross-pollen compatibility in S-RNase-based self-incompatibility},
  journal =  {Plant J.},
  year =     {2010},
  volume =   {62},
  number =   {1},
  pages =    {52-63},
  doi =      {10.1111/j.1365-313X.2010.04123.x},
  issn =     {1365-313X (Electronic) 0960-7412 (Linking)},
  keywords = {Amino Acid Sequence Gene Expression Regulation, Plant Gene Knockdown Techniques *Inbreeding Molecular Sequence Data Petunia/*genetics Plant Proteins/genetics/*metabolism Pollen/*genetics Ribonucleases/genetics/*metabolism SKP Cullin F-Box Protein Ligases/genetics/*metabolism Sequence Alignment},
  type =     {Journal Article},
  url =      {http://www.ncbi.nlm.nih.gov/pubmed/20070569}
}

