@article{book10,
   author = {Book, A. J. and Gladman, N. P. and Lee, S. S. and Scalf, M. and Smith, L. M. and Vierstra, R. D.},
   title = {Affinity purification of the Arabidopsis 26S proteasome reveals a diverse array of plant proteolytic complexes},
   journal = {J. Biol. Chem.},
   volume = {285},
   number = {33},
   pages = {25554-25569},
   keywords = {Arabidopsis/*metabolism
Arabidopsis Proteins/chemistry/*metabolism
Chromatography, High Pressure Liquid
Electrophoresis, Polyacrylamide Gel
Mass Spectrometry
Proteasome Endopeptidase Complex/chemistry/*metabolism
Spectrometry, Mass, Electrospray Ionization
Tandem Mass Spectrometry},
   ISSN = {1083-351X (Electronic)
0021-9258 (Linking)},
   DOI = {10.1074/jbc.M110.136622},
   url = {http://www.ncbi.nlm.nih.gov/pubmed/20516081},
   year = {2010},
   type = {Journal Article}
}

